2686 4836
140 216 235 273 xxiv
578 194 620 269 C.
645 138 853 273 Rittium

226 365 267 433 V.
285 370 359 433 481.
382 367 557 450 ξυμπίτνων
577 366 820 432 scribendum·

227 485 268 547 V.
286 485 358 547 495.
381 485 433 547 καὶ
453 484 580 566 μακρὰν
602 481 704 567 ὀσφύν
724 485 791 547 etsi
805 483 934 544 nemini
947 477 1134 546 offensioni
1154 481 1319 553 fuerint,

141 582 254 634 umen
283 567 457 650 quomodo
485 567 702 653 longitudine
736 567 892 632 rideatur
926 570 1071 651 insignis
1100 584 1187 630 esse
1222 574 1321 650 spino

142 676 238 717 sacro
260 657 318 716 rix
340 653 443 717 dicas.
486 652 685 718 Certissima
704 665 819 716 autem
840 652 942 715 verba
964 664 1045 714 sunt
1058 651 1264 715 Menandri
1284 653 1324 710 iu

145 737 263 801 eadem
292 759 331 801 re
362 742 528 803 versantis
566 739 678 824 [apud
699 737 824 802 Athen.
841 736 906 817 lV,
935 757 968 822 p.
986 738 1056 800 146.
1077 735 1135 816 R,
1177 735 1325 818 fragm

145 824 246 910 pio.
268 822 458 907 ldeioelck
532 840 537 845 “
952 860 959 877 .

490 952 496 959 ’
615 935 666 1004 τὴν
689 934 785 1007 ὀσφὺν
803 931 912 1007 ἄκραν,

149 1054 272 1133 quihus
294 1018 575 1139 virisignificutur
597 1054 640 1116 ad
662 1054 871 1119 emendanda
893 1050 1087 1142 Aeschylia
1128 1054 1199 1119 sie
1228 1051 1328 1115 enim

151 1144 314 1225 scriptum
336 1138 418 1202 fuit:

185 1294 191 1303 .
303 1259 384 1329 κνίσῃ
402 1272 432 1308 re
448 1255 525 1309 acilo
541 1253 722 1324 ouyoeolcmrd
735 1252 825 1327 ,νᾶμ’
848 1251 965 1326 ἄκραν

304 1336 400 1407 ὀσφὺν
417 1334 549 1407 πυρώσας
564 1366 612 1394 -.

242 1450 281 1513 V.
297 1453 370 1518 532
395 1457 545 1529 animum
567 1448 715 1517 offendit
735 1450 834 1541 πόρον
853 1454 895 1517 de
909 1450 1046 1517 flumine
1059 1454 1224 1539 positum
1240 1450 1333 1512 sim-

180 1533 309 1617 liciter,
343 1541 494 1600 intanta
513 1542 716 1643 praesertim
738 1537 940 1603 emendandi
964 1536 1239 1614 commoditate,
1261 1548 1330 1629 qua

155 1558 376 1687 llomericum
395 1620 481 1686 illud
504 1620 595 1708 ρόον
617 1644 686 1686 non
708 1624 928 1687 mediocriter
940 1620 1219 1686 commendatur.
1270 1619 1330 1679 bi·

158 1704 297 1769 utillima
318 1712 495 1796 superiora
517 1731 545 1774 v.
570 1711 640 1772 139.
661 1705 821 1796 ἀκοιμήτῳ
842 1704 972 1794 ῥεύματι
992 1706 1113 1789 πατρὸς
1133 1704 1308 1768 Ὠκεανοῦ.

241 1825 282 1887 V.
298 1824 373 1889 645.
394 1826 496 1889 rerba
523 1826 588 1888 idle
616 1819 724 1908 γνώμῃ
750 1823 972 1886 emendaturo
999 1820 1168 1884 auxilium
1191 1828 1331 1929 peten-

158 1907 240 1970 dum
262 1930 307 1973 ex
328 1907 529 1979 scholiastae
550 1891 796 1994 eirplicatione:
817 1910 850 1972 iv
872 1910 937 1995 ἰδία
955 1894 1064 1992 γνώμῃ
1084 1908 1137 1969 καὶ
1159 1902 1330 1983 mosol·

158 2016 230 2068 ταις.
273 1992 370 2076 Quae
391 1998 420 2057 si
443 1995 696 2057 contenduntur
719 2014 796 2056 cum
809 1990 1010 2056 scholiastae
1023 1992 1137 2057 verbis
1150 1992 1198 2055 ad
1217 1985 1329 2073 Soph

158 2078 271 2163 Antig.
287 2080 377 2141 875.:
399 2077 605 2162 αὐτόγνωτος]
629 2078 819 2162 αὐθαίρετος
839 2078 890 2140 καὶ
912 2072 1122 2160 ἰδιογνῶμιον,
1142 2087 1251 2139 certa
1269 2089 1332 2134 n·

159 2164 255 2225 tione
277 2163 433 2226 ducimur
456 2166 497 2226 ad
518 2167 698 2252 pristinam
719 2182 838 2232 versus
860 2160 1009 2225 formam
1032 2157 1179 2224 hancce:

370 2286 660 2363 αὐτογνωμόνως
676 2293 759 2361 σέβει.

160 2402 410 2488 αὸιογνιιμόνας
429 2410 495 2469 rite
518 2418 618 2490 atque
641 2408 763 2471 ordine
782 2406 912 2471 factum
932 2407 973 2469 ab
996 2405 1212 2491 οὖτογαῶμονν
1233 2408 1330 2469 bono

163 2488 330 2556 vocabulo
353 2489 440 2555 nihil
464 2492 563 2554 habet
585 2490 788 2557 offensionis
811 2503 945 2576 praeter
966 2504 1159 2579 correptam
1182 2491 1330 2572 antei?

161 2574 332 2641 vocalem:
353 2580 450 2642 cuius
472 2587 585 2639 tamen
609 2575 765 2640 licentiae
787 2575 947 2662 exempla·
960 2578 1123 2660 quaedam
1136 2573 1329 2664 Aeschyliu

164 2680 204 2725 ac
228 2660 412 2749 Sophoclia
434 2662 568 2747 pridem
591 2674 706 2726 notata
730 2663 878 2726 Porsoni
899 2660 943 2725 ad
965 2663 1093 2725 tlecuh.
1115 2684 1145 2728 v.
1164 2668 1245 2725 ⁸02

162 2768 167 2777 ⁴
254 2781 293 2839 V.
309 2779 382 2841 548.
399 2777 585 2863 dupliciter
598 2780 829 2864 interrogatur
852 2784 925 2841 ucri
944 2779 984 2841 τί
988 2803 1004 2853 ς
1024 2777 1124 2861 itum
1145 2777 1326 2867 Stephano

107 2922 115 2929 .
168 2860 321 3007 placebat
342 2861 394 2929 vel
417 2871 478 2926 τιοῦ
499 2888 548 2937 τις
569 2864 621 2929 vel
644 2866 709 2929 εἶπέ
727 2889 789 2927 που
810 2864 872 2939 rig:
907 2882 1028 2952 parum
1050 2869 1329 2931 enimaccurata

209 2946 359 3012 ''ellaueri
382 2952 539 3010 narratio.

253 3062 294 3125 V.
315 3063 388 3126 577.
411 3085 454 3127 ex
474 3063 816 3148 librorumscriptura
831 3076 865 3128 et
888 3068 1142 3151 comparatione
1158 3072 1329 3136 antistro-

170 3145 257 3254 phac
280 3168 491 3233 consequens
513 3146 597 3212 haec
618 3162 670 3215 est
693 3152 901 3215 emendatio:

553 3260 600 3331 ⁴ici
617 3277 674 3346 ici,
696 3285 857 3346 ποῖποῖ,

376 3356 383 3385 ⁸
476 3355 647 3434 cincinni,
669 3368 716 3433 πῆ
731 3366 760 3439 μ’
781 3364 881 3438 ι’ἱγοιιτι
967 3354 973 3369 ’

171 3486 231 3543 noi
246 3491 281 3543 et
294 3484 338 3563 ιιῆ
354 3482 533 3543 coniuncta
549 3479 653 3547 habes
668 3502 696 3545 e.
713 3504 740 3545 c.
758 3485 795 3544 in
813 3480 891 3543 Eur.
909 3481 1033 3543 Hecub.
1046 3501 1077 3544 v.
1097 3484 1187 3545 1066.
1201 3484 1328 3563 (1047.)

173 3561 311 3628 Cretico
327 3560 513 3627 molossum
529 3567 733 3652 respondere
747 3587 814 3629 non
830 3576 944 3652 potest
959 3567 1202 3649 demonstrari3
1225 3588 1326 3657 prae-

175 3658 268 3712 terea
289 3656 338 3713 ιιιῦ
359 3656 407 3712 uni
430 3657 479 3713 ιιιῦ
499 3653 694 3714 coniunctio
716 3655 790 3715 sine
809 3651 977 3737 exemplo.

260 3765 300 3826 V.
315 3767 387 3828 600.
402 3767 514 3829 scribe
534 3766 689 3845 κέντροις
709 3766 755 3829 id
778 3766 996 3850 φοιταλέοισιν,
1017 3769 1166 3855 synizesi
1179 3765 1327 3831 efferen-

175 3849 278 3927 dum,
311 3859 412 3931 atque
439 3854 474 3913 in
499 3850 673 3936 Euripidis
701 3871 800 3914 versu
830 3852 918 3935 apud
945 3849 1137 3915 Seidlerum
1159 3852 1203 3915 de
1225 3854 1266 3915 V.
1289 3849 1327 3912 D.

175 3937 277 4020 1238.
298 3930 451 4015 μανιάδος
472 3936 695 4021 portati-ov
717 3942 787 4020 (μιῦ
808 3943 880 4022 φεῦ
899 3933 1042 4017 μόχθων.

260 4050 302 4110 V.
317 4050 392 4113 607.
416 4048 610 4135 Perpolitur
633 4071 750 4116 versus
765 4064 903 4199 recepto
920 4051 1068 4116 lilmsleii
1083 4050 1260 4142 praeclaro
1273 4053 1326 4113 iu·

177 4144 281 4204 vento
302 4145 335 4196 et
358 4149 490 4198 serrata
510 4136 627 4198 ultima
643 4138 707 4220 χρὴ
729 4142 823 4201 vocis
859 4142 974 4200 ittera:

343 4266 464 4331 παθεῖν,
483 4268 511 4316 ιί
524 4266 644 4334 μῆχαρ
662 4263 680 4329 ἢ
699 4270 729 4317 τί
745 4262 899 4334 φάρμακον
919 4261 1021 4325 ricem
