2686 4836
160 190 1036 337 66666666666166666666666
1087 180 1215 305 xiv*

12 404 60 468 lta
81 405 306 469 adamussim
329 374 516 491 respondet
537 366 736 496 6166611166,ᾳ
759 426 778 470 6
802 403 1004 475 Wellauero
1026 405 1168 501 demum

12 501 138 555 temere
159 501 337 576 corrupto.

92 606 141 667 V:
155 606 227 669 646.
261 606 394 672 diversa
417 568 604 694 scriptura,
644 608 864 670 etiamsinon
887 558 1100 693 recipienda,
1133 615 1169 668 at

21 709 94 773 quae
108 694 249 777 ‚astitit
269 701 384 754 tamen
404 689 502 770 olim,
529 689 627 754 latuit
648 696 682 752 16
706 687 872 754 auricomis
895 689 1167 767 Robortelliano,

24 777 87 839 66
108 770 885 855 666666666166116666987166666666.
931 775 1006 838 Vid.
1029 772 1167 840 Fische-
1206 800 1209 807 ⁴
1300 854 1303 865 1

21 880 86 922 rum
108 860 151 922 ad
178 858 284 924 Well.
300 861 349 938 ll,
370 882 403 946 p.
418 862 491 925 408.
512 858 725 923 Brunckium
747 861 789 923 ad
812 858 946 947 Hippoi
964 862 1058 923 1104.

92 976 132 1037 V.
155 976 230 1040 646.
254 978 282 1038 si
298 978 493 1040 terminatio
505 975 669 1062 probatur
685 979 789 1061 epica,
812 974 1007 1040 asciendum
1029 974 1169 1037 Homeri

16 1057 169 1147 exemplo
185 1065 324 1129 etiami,
343 1073 395 1125 est
415 1058 664 1140 πωλεύμεναι
688 1062 796 1123 verbi:
819 1059 1033 1145 quoquinam
1058 1056 1169 1122 forma

16 1145 125 1208 eodem
149 1159 252 1232 poeta
273 1149 348 1209 iure
370 1145 554 1229 eademque
572 1148 682 1208 utitur
698 1147 731 1217 vi
745 1158 845 1230 atque
858 1147 1037 1228 cicorp'sior
1050 1166 1080 1209 v.
1099 1148 1168 1208 122
1233 1188 1253 1223 ,-

90 1262 133 1323 V.
150 1263 226 1324 656.
248 1256 353 1346 πρός
374 1259 495 1346 πατρὸς
518 1259 712 1325 notandum.

91 1377 133 1439 V.
151 1380 227 1441 678.
248 1381 408 1463 proxime
430 1375 473 1439 ad
495 1396 611 1441 verum
635 1373 1091 1461 666661186661161611666ἦ6
1110 1376 1168 1456 (ad

16 1457 283 1611 lffplclirerpgelrymn.
313 1467 349 1525 in
370 1460 453 1526 Pell.
481 1484 511 1527 v.
526 1463 594 1541 46.)
651 1460 726 1526 sed*
745 1460 857 1555 ipsum
875 1482 1003 1573 'verum
1034 1460 1168 1597 videtur

253 1679 397 1749 Λέρνης
413 1673 440 1731 a'
460 1677 494 1737 tr
513 1626 676 1743 diarria.-

20 1789 180 1858 Pindarus
201 1784 620 1883 01.1111,60.;’Λερνα1,66
641 1793 694 1860 tin*
716 1790 822 1871 ἀκτᾶς.

97 1927 136 1990 V.
151 1930 218 1991 708
231 1946 306 2010 sqq.
355 1925 409 1991 Ad
432 1927 661 2011 expediendos
683 1926 740 1992 lus
755 1942 901 1993 ‘errores
924 1948 990 2011 non
1014 1924 1096 1993 satis
1119 1935 1171 1995 etit

21 2003 169 2077 lacunam
191 2018 295 2075 statui
318 2023 398 2098 post
420 2035 447 2074 a.
465 2015 536 2076 790.
578 2010 782 2076 Manifestus
795 2016 885 2099 enirn
899 2025 1073 2098 praeterea
1086 2033 1169 2079 nare

24 2100 156 2160 radonis
178 2100 299 2160 turbae
321 2106 401 2161 sunt
421 2096 503 2161 inde
523 2110 552 2158 6·
565 2118 593 2159 v.
607 2100 689 2176 716,
712 2101 742 2163 si
760 2110 915 2161 accurate
930 2112 1170 2182 comparentur

24 2187 129 2244 6733.
145 2183 198 2245 34.
244 2184 293 2244 Ac
315 2202 378 2264 pro
401 2192 495 2265 certo
516 2182 651 2263 quidem
674 2192 709 2245 et
731 2179 910 2268 explorato
932 2181 1017 2244 illud
1040 2182 1171 2247 haben-

24 2265 95 2326 dum
123 2279 195 2345 est,
234 2270 373 2328 minime
402 2270 436 2328 in
467 2264 618 2330 Caucaso
652 2270 803 2330 vinctum
827 2286 903 2331 esse
931 2267 1171 2331 Prometheum

27 2349 254 2435 luchylium,
272 2351 333 2414 sed
354 2354 392 2413 in
410 2351 551 2436 rupibus
565 2350 772 2436 Europaeis,
793 2351 836 2414 ad
857 2354 950 2437 ipsos
967 2353 1065 2413 Asiae
1078 2352 1171 2423 lines.

26 2432 148 2499 Deinde
176 2436 244 2499 hoc
273 2448 326 2499 est
352 2437 554 2509 terrendum,
598 2457 675 2498 eum
703 2456 776 2500 esse
805 2457 834 2500 v.
858 2437 929 2498 738.
968 2438 1171 2501 narrationis
1243 2474 1250 2497 .

26 2538 159 2597 naum,
187 2535 229 2585 ut
250 2519 374 2605 palude
398 2518 569 2587 Maeotide
590 2523 739 2606 separari
760 2520 895 2584 1161661
915 2518 1052 2605 Europa
1076 2522 1173 2620 cpgi-

27 2615 132 2669 untur
154 2624 173 2667 a
194 2619 313 2691 poeta:
337 2625 482 2688 quocum
506 2606 662 2669 convenit
688 2604 879 2680 Herodoto,
903 2607 1017 2684 quiin
1041 2618 1172 2669 utrius-

28 2708 86 2769 que
108 2692 259 2759 confimo
282 2686 427 2753 collocat
449 2690 607 2754 Tanaim„
642 2689 768 2751 liudem
786 2692 890 2774 igitur
912 2685 1008 2772 palus
1025 2688 1171 2753 Maeotis

29 2776 227 2859 significatur
247 2797 277 2837 v.
291 2776 363 2837 769.
386 2773 463 2838 ὅταν
485 2771 623 2861 περάσῃς
642 2771 771 2855 ῥεῖθρον
784 2774 919 2855 ἠπείρων
938 2772 1028 2857 ὅρον,
1049 2777 1171 2857 quibus

30 2863 237 2922 continuatur
249 2863 441 2944 interrupta
463 2882 493 2924 v.
510 2863 582 2923 754.
600 2862 760 2923 narratio.
785 2898 788 2905 ·
805 2856 941 2921 Summa
957 2870 1068 2921 autem
1080 2879 1174 2925 6666

31 2946 195 3028 regionum
218 2947 390 3030 perversio
408 2946 524 3006 oritur
544 2964 602 3020 eo,
626 2944 720 3026 ¹quod
740 2945 836 3030 prius
858 2962 959 3023 quum
980 2955 1173 3030 permeatus

30 3034 68 3090 sit
91 3028 267 3114 Bosporus
291 3026 491 3092 Cimmerius
519 3038 619 3111 atque
643 3028 788 3092 Maeotis
818 3027 932 3114 palus,
971 3027 1015 3099 ad
1042 3028 1174 3093 Cauca-
1214 3036 1218 3043 '

31 3129 94 3174 mm
113 3126 322 3198 perventura
345 3123 378 3177 et
399 3112 587 3176 Amazonas
605 3111 789 3175 iudicitur.
832 3112 886 3176 Ne
904 3116 980 3195 quis
1002 3125 1113 3175 autem
1136 3116 1173 3175 in

31 3199 220 3263 occidentali
243 3198 392 3284 Bospori
405 3197 579 3261 OEmmerii
602 3210 697 3282 parte
716 3194 903 3282 Caucasum
925 3208 960 3260 et
975 3194 1174 3262 Colchidern

31 3285 101 3366 poni
118 3286 322 3345 arbitretur:
344 3286 385 3344 ab
409 3281 575 3346 eiusmodi
595 3284 806 3366 ignoratione
818 3285 959 3345 istarum
974 3301 1088 3345 rerum
1102 3302 1194 3361 non,

33 3371 132 3450 potuit
154 3377 255 3454 poeta
279 3387 349 3433 non
370 3366 500 3430 alienus
521 3385 613 3442 esse,
646 3369 704 3448 qui
728 3369 900 3431 verissime
921 3380 994 3428 tum
1015 3366 1116 3430 Asiae
1139 3376 1174 3432 et
1236 3386 1239 3393 ’

34 3451 178 3537 Europae
206 3456 372 3514 terminos
400 3453 632 3521 constituerit,
661 3461 735 3513 tum
763 3453 804 3514 ab
827 3449 975 3517 Caucaso
997 3450 1175 3517 meridient

34 3552 138 3599 sersus
158 3536 348 3602 Amazonas
371 3533 565 3615 collocarit,
601 3556 766 3685 quemgue
789 3547 1017 3621 apertumest
1037 3539 1074 3597 in
1096 3535 1188 3617 Asia,

37 3624 190 3705 cogitare,
231 3642 299 3683 non
328 3626 364 3683 io
395 3620 532 3705 Europa
561 3621 664 3683 situm

37 3702 192 3786 Quoniam
214 3720 326 3768 autem
350 3725 435 3788 quae
457 3704 535 3767 aliis
556 3704 598 3767 de
621 3709 746 3769 caussis
765 3715 844 3789 post
863 3727 893 3770 v.
906 3709 977 3771 790.
996 3706 1174 3768 statuenda

37 3800 78 3853 est
99 3788 220 3852 166666
241 3790 322 3854 facit
345 3803 383 3854 ut
404 3791 447 3853 de
468 3810 538 3851 uno
559 3791 686 3855 codicis
709 3787 795 3852 folio
819 3789 931 3854 166666
954 3784 1007 3855 vel
1029 3809 1175 3872 quomo-

38 3875 203 3958 docunque
224 3885 390 3960 corrupto
413 3872 628 3958 cogitandum
652 3876 696 3937 sit
718 3877 927 3948 necessario,
949 3877 1018 3938 aeri
1040 3887 1175 3939 nonest

39 3960 204 4037 dissimile,
230 3960 398 4024 61166616
421 3956 518 4034 loco,
540 3980 614 4023 cum
637 3956 749 4023 denuo
772 3964 1045 4047 compingeretur
1057 3957 1115 4022 ille
1129 3958 1175 4023 li-

40 4043 104 4118 ber,
123 4048 290 4107 insertum
305 4043 389 4105 illud
405 4043 525 4107 lolium
538 4060 620 4107 esse.
665 4042 703 4103 ln
726 4063 794 4125 quo
808 4048 836 4107 si
856 4047 1099 4128 superscripta
1117 4063 1176 4109 es*

41 4139 119 4207 seut,
145 4149 232 4213 quae
255 4149 347 4191 nuuc
365 4126 525 4215 leguntur
546 4146 565 4191 a
589 4150 615 4189 v.
636 4130 709 4189 716.
730 4127 774 4189 ed
796 4149 826 4193 v.
841 4131 934 4204 m,
969 4124 1177 4212 planissime,

42 4214 220 4292 quomodo
247 4234 294 4285 ex
323 4215 465 4297 proprio
496 4209 665 4275 loco'suo
694 4210 763 4277 huo
781 4216 959 4360 potuerint
985 4211 1177 4293 transferri,

43 4297 234 4385 intelligitur.
278 4297 445 4362 Pristinus
468 4299 572 4382 igitu'r
595 4297 682 4360 ordo
704 4297 761 4362 hio
797 4304 862 4361 uit:

723 3640 880 3684 aucasurn
908 3632 942 3683 et
964 3617 1174 3691 Colchidem.
1284 3664 1290 3680 .
