2686 4836
205 244 275 303 nv
635 172 962 301 eamearn(
1111 336 1122 351 ι

199 403 419 481 versionem
432 404 518 476 item
532 401 716 488 Latinam,
742 403 939 485 eversione
951 374 1156 475 Casauboni
1168 399 1216 471 ad
1234 420 1330 489 marg

78 548 84 559 ·
205 532 293 580 nem
312 507 480 580 editionis
493 501 756 600 Stephanisnae
777 507 969 598 adscripta,
1001 505 1042 575 in
1062 499 1217 575 choricis
1246 496 1330 571 erne

119 618 129 625 ’
209 613 367 696 daverat,
391 610 614 681 coniecmras
627 604 839 681 adhibuerat
855 607 1051 679 nonnullas
1065 630 1148 679 cum
1161 603 1330 685 Canobo

206 726 287 784 tum
303 710 451 783 Ioannis
466 708 636 782 Pearsoni
650 708 825 803 Episcopi
834 708 1044 782 Cestriensis
1062 700 1112 805 '),
1132 731 1226 802 quae
1240 706 1330 779 forte

80 870 86 877 .
151 862 157 867 -
208 814 348 886 Merito
362 812 572 889 casaubono
594 813 652 883 vel
671 812 883 883 aPearsono
898 836 981 893 cum
993 812 1070 904 ipso
1086 808 1330 881 communiat

207 931 311 1001 sunt,
344 929 389 986 et.
401 916 596 986 ιιοιιιιιιιιιι
618 915 772 985 aliorum
787 909 977 985 hominum
988 914 1211 984 eruditorum
1230 910 1331 1003 parri

181 1024 187 1085 ζ
208 1013 269 1090 hic
283 1008 360 1089 illic
372 1020 567 1090 adnotatas.
626 1016 693 1088 sin
712 1010 825 1111 aliqui
845 1017 992 1087 luerint
984 1041 1057 1110 qur
1046 1013 1278 1087 ⁸Stanleium
1295 1036 1331 1083 ιιι

208 1121 265 1190 ιιι
279 1119 365 1189 fidei
388 1119 613 1203 insimulent,
637 1120 743 1213 ·quod
762 1114 827 1189 has
846 1119 1066 1189 coniecturas
1081 1141 1157 1186 uon
1172 1115 1331 1209 ubiqnet

209 1245 315 1292 veros
335 1235 496 1291 auctores
517 1220 697 1306 retulerit,
728 1245 797 1291 nae
814 1220 873 1290 isti
887 1244 928 1289 ex
948 1233 1074 1311 suopte
1088 1217 1239 1308 ingenio
1254 1216 1331 1310 poti

208 1348 317 1441 quarn
332 1347 444 1441 aequm
461 1348 502 1393 ac
516 1323 656 1393 liberali
669 1337 789 1394 mente
805 1325 850 1392 de
864 1323 927 1391 illo
940 1322 1113 1392 iudicium
1126 1319 1327 1392 sariunt.
1320 1318 1331 1385 l

210 1425 291 1521 quis
305 1449 387 1494 eum
403 1425 452 1494 ita
468 1425 590 1493 infima
606 1425 818 1495 doctorum⁸
807 1449 846 1494 ιιι
860 1422 965 1516 plebe
979 1424 1178 1494 delituisse
1180 1422 1332 1491 existima

209 1529 260 1599 ita
290 1550 420 1645 pamm
454 1527 499 1597 de
519 1520 715 1620 Aeschylo,
755 1527 799 1597 de
820 1523 992 1611 Aeliano,
1024 1526 1122 1595 de
1111 1547 1188 1617 ipsa
1214 1523 1332 1643 denisp

135 1634 156 1705 ’,
211 1642 343 1725 quanta
379 1628 425 1700 sit
450 1627 670 1709 Graecorum
703 1622 932 1721 philosophia
954 1630 1140 1712 meritum,
1180 1639 1228 1696 nt
1252 1627 1332 1695 mist

100 1814 108 1829 ,
209 1734 284 1803 lam
310 1730 381 1801 sibi
406 1731 592 1822 gloriolam
617 1730 726 1801 unius
751 1744 856 1826 atque
881 1731 1027 1800 alterius
1047 1731 1278 1801 coniecturae
1296 1753 1332 1796 su

210 1834 373 1926 reptione
406 1833 475 1904 sibi
509 1838 720 1927 quaereret‚⁸
747 1858 789 1903 ac
822 1857 898 1904 non
929 1833 1048 1925 potius
1074 1833 1168 1902 iuter
1192 1831 1332 1923 primur

189 1937 267 2007 -sui
290 1936 421 2005 saeculi
443 1935 541 2006 viros
557 1936 631 2006 suis
653 1930 790 2006 meritis
806 1960 847 2006 ac
864 1936 1026 2005 doctrina
1051 1934 1250 2005 enituisse?
1283 1931 1333 2022 Qu

208 2062 285 2108 non
303 2038 451 2130 aequius
471 2037 644 2109 iudicabit
666 2037 867 2108 istiusmodi
879 2037 1014 2107 crimen
1027 2039 1073 2107 ad
1090 2036 1293 2121 incuriam,
1316 2036 1333 2104 i

182 2202 185 2207 .
210 2132 415 2211 firmitatem
431 2134 642 2225 humanam,
666 2140 928 2226 festinationem
940 2140 997 2209 vel
1011 2139 1204 2209 memoriae
1218 2138 1333 2231 lapsu

213 2266 321 2337 qnam
341 2241 503 2311 fraudem
529 2267 569 2312 ac
588 2195 719 2327 milam
737 2242 843 2313 fidem
859 2243 1003 2316 referre.
1053 2240 1293 2312 Praesertim
1295 2264 1333 2310 cn

210 2342 390 2416 Stanleius
399 2344 612 2462 priusquam
626 2343 820 2449 editionem
835 2346 1048 2430 secundam,
1073 2368 1115 2414 ex
1129 2367 1202 2437 qna
1217 2337 1295 2414 hoc
1306 2368 1333 2413 ιι

210 2469 295 2516 rnen
315 2445 467 2515 maxima
489 2470 534 2515 ιιι
552 2438 652 2538 parte
668 2470 700 2514 ιι
690 2447 905 2532 'obiicitnr,
936 2459 999 2516 aut
1014 2447 1054 2515 in
1067 2446 1183 2517 lucem
1198 2444 1334 2539 protuli

211 2562 284 2634 set,
323 2548 515 2619 autetiam
547 2549 765 2641 praefatione
792 2574 863 2643 qna
896 2548 1056 2618 subsidia
1080 2572 1143 2618 sna
1167 2549 1319 2620 doceret

178 2675 317 2749 'suum
330 2651 474 2751 cuique
480 2651 663 2733 redderet,
695 2653 918 2737 adornasset,
949 2665 1065 2720 morte
1087 2668 1334 2744 praeceptore

210 2749 320 2825 Absit
339 2753 433 2823 illud
452 2740 644 2844 profecto,
664 2768 706 2824 ut
726 2753 815 2823 viris
836 2754 1003 2845 ingenio,
1035 2747 1282 2840 humanitate,
1312 2754 1334 2821 d

213 2856 326 2927 ctrina
342 2855 558 2941 illustribus,
582 2870 662 2974 post
676 2869 828 2926 mortem
842 2856 1113 2929 calumniemur.
1162 2854 1241 2927 Nec
1257 2881 1334 2925 meo

212 2957 262 3027 ita
286 2967 528 3048 comparatum
547 2957 593 3027 sit
613 2946 814 3050 ingenium,
846 2971 888 3029 ut
903 2957 1072 3051 aliquid
1061 2958 1229 3048 ingenuis
1249 2955 1334 3029 hum

212 3059 359 3129 uiorum
372 3056 504 3128 artium
520 3084 561 3129 ac
577 3052 770 3132 literarum
778 3061 975 3131 cultoribus
988 3054 1175 3130 detrahere
1192 3065 1334 3131 studeas

132 3210 137 3217 -
214 3186 296 3259 cum
318 3161 410 3230 vivis
434 3160 511 3230 sine
526 3161 611 3231 odio
626 3176 732 3257 atque
748 3161 912 3232 invidia
901 3178 949 3233 ιιι
963 3186 1099 3232 versarr
1086 3162 1245 3249 ⁸velim,
1273 3178 1316 3234 ut

214 3248 341 3334 berum
364 3276 469 3356 atque
492 3265 538 3334 ab
566 3264 693 3335 iisdem
720 3265 847 3336 studiis
871 3259 968 3334 haud
992 3264 1150 3334 alienum
1177 3266 1306 3350 ιιιιιι,

213 3365 366 3436 mortuis
388 3366 492 3436 silere
517 3367 658 3451 malim,
687 3392 798 3466 quam
817 3367 1044 3450 maledicere,
1079 3380 1185 3460 atque
1208 3381 1253 3438 ut
1277 3366 1334 3436 rie

214 3470 280 3539 ubi
294 3470 362 3538 fert
378 3467 535 3554 occasio,
560 3422 786 3561 plaudere,
774 3483 823 3540 ιιι
849 3485 1035 3541 SEPULTIS
1051 3485 1239 3543 Panem.

109 3662 113 3675 .
343 3596 552 3671 Editionem
597 3601 841 3673 Stanleianam
886 3598 1009 3692 flagae
1038 3597 1239 3673 'Comitum
1286 3630 1334 3674 an

214 3700 466 3777 MDOCXLV.
489 3698 629 3775 duobus
651 3705 755 3774 tomis
777 3706 891 3775 forma
914 3705 1087 3797 quadrata
1110 3704 1256 3794 repetiit
1274 3704 1334 3777 loa

215 3830 280 3876 nes
296 3803 486 3876 Cornelius
501 3809 546 3915 de
561 3805 694 3888 Pausi,
728 3805 875 3903 adiectis
891 3807 999 3875 etiam
1022 3806 1114 3884 suis,
1153 3799 1223 3875 hoc
1241 3825 1299 3880 est
1317 3835 1334 3877 a

217 3906 429 3989 dacissimis,
445 3900 548 4001 saepe'
566 3908 673 3979 etiam
687 3908 906 4017 inanissimis
923 3906 1226 3982 adnotationibus.
1269 3910 1334 3984 Sua

254 4202 294 4283 1⁶)
317 4210 361 4265 De
385 4210 427 4265 tis
449 4208 509 4264 ide
526 4229 602 4282 quae
621 4210 769 4267 Needbami
788 4223 815 4266 ιι
838 4138 912 4299 phet
924 4230 989 4267 eona
1007 4208 1118 4270 asterii
1140 4180 1232 4268 verbis
1251 4213 1334 4271 Baete

288 4298 383 4355 mma
399 4296 542 4373 &heere
558 4298 688 4371 affl
701 4301 777 4373 ua)
794 4301 867 4373 (xv.
882 4280 952 4373 ιιι)
