2686 4836
6 6 119 15 r..-——-
128 6 132 7 ⁷

149 233 541 313 6666666666
563 235 617 311 tn
636 233 1011 313 eaonnrnnou
1073 182 1154 309 xiv

30 410 67 473 lta
83 410 120 472 ad
136 414 292 474 amussim
315 378 502 495 respondet
524 372 723 501 6166616166,1
746 430 765 475 6
788 407 990 477 Wellauero
1012 410 1155 505 demum

30 505 130 559 temere
150 506 323 581 conupto.

6 668 8 671 .
93 610 128 671 V.
147 610 214 674 646.
247 610 381 677 diversa
403 572 590 699 scriptus,
631 612 851 674 etiamsinon
874 560 1087 697 recipienda,
1120 618 1156 670 at

36 714 94 777 qaae
112 698 235 759 exstitn
256 706 370 759 tamen
390 693 489 774 olim,
516 693 614 758 latuit
634 698 669 757 in
693 691 859 758 66666666
882 691 1154 771 Roboretum,

6 838 8 845 ,
40 782 343 859 6666666666
365 774 872 845 666161666911766666676666.
918 779 993 841 Vid.
1016 775 1154 842 l'ische-
1193 802 1196 809 ¹

37 883 90 926 nm
107 864 145 927 ad
165 863 271 928 Well.
286 865 335 942 ll,
357 887 389 952 p.
405 867 478 929 428.
499 862 712 927 Brunckium
734 864 776 927 ad
799 860 1045 951 Hippourios.

6 1024 8 1029 >
94 979 128 1041 V.
147 980 217 1044 646.
240 983 269 1044 si
285 982 479 1045 terminatio
491 979 656 1067 probatur
672 983 776 1065 epica,
799 977 994 1043 asciendum
1016 976 1169 1040 Homeri.

33 1060 310 1151 exemploetiami
331 1078 381 1129 est
402 1061 651 1144 πωλεύμεναι
675 1065 783 1127 verbi:
806 1063 1020 1149 quaquide'm
1045 1060 1156 1125 forma

32 1147 123 1211 eodem
143 1163 239 1237 poeta
261 1153 336 1214 iure
357 1150 542 1233 eademque
560 1152 669 1212 utitur
685 1151 718 1219 ri
732 1162 832 1234 atque
845 1151 1025 1231 sinuamina
1037 1168 1067 1213 v.
1077 1151 1155 1249 Ι121.
1235 1190 1239 1198 .
1333 1132 1334 1187 1

94 1265 129 1326 V.
143 1267 213 1329 656.
235 1261 316 1351 πρό
324 1288 340 1340 ς
361 1264 482 1350 πατρὸς
504 1265 699 1328 notandum.

6 1360 7 1371 ¹
95 1380 130 1442 V.
145 1384 215 1444 678.
236 1386 395 1468 proxime
416 1380 460 1443 ad
481 1401 598 1445 verum
622 1376 753 1444 accedit
771 1377 967 1465 Spanhemii
980 1375 1077 1459 ἀκτήν
1097 1378 1157 1458 (ad

30 1459 132 1611 166001166.
155 1465 270 1555 hymn.
301 1471 336 1529 in
358 1464 440 1531 Pall.
468 1467 581 1546 v.46.)
638 1464 714 1529 Sed'
732 1464 845 1552 ipsum
875 1485 990 1565 verum
1021 1463 1155 1530 videtur

97 1569 178 1615 esse:
1049 1588 1051 1603 ι

241 1684 384 1753 Λέρνης
400 1678 430 1734 εἰ
447 1681 482 1741 ἐς
500 1628 663 1747 ἀκτήν.-

30 1790 167 1862 Pindarus
189 1796 245 1862 01.
261 1792 337 1875 Vll,
350 1800 418 1863 60.:
434 1800 608 1886 ‘Arprnlnc
629 1797 681 1864 ἀπ’
704 1794 809 1875 ἀκτᾶς.

94 1930 128 1993 V.
141 1934 205 1996 708
218 1951 292 2015 sqq.
341 1929 397 1995 Ad
420 1930 649 2015 expediendos
671 1930 727 1995 lus
743 1946 889 1995 'errores
911 1951 978 2001 non
1001 1930 1083 1996 satis
1106 1938 1158 1997 eet

29 2005 157 2079 lacunam
179 2023 282 2079 statui
305 2027 385 2102 post
407 2039 434 2078 v.
452 2020 523 2080 790.
565 2013 770 2080 Manifestus
783 2018 872 2101 enirn
886 2028 1060 2101 praeterea
1074 2036 1157 2081 nar*-

30 2102 145 2163 naonis
166 2105 286 2164 turbae
308 2112 389 2165 suut
409 2102 490 2165 inde
510 2114 539 2162 6·
552 2122 580 2163 v.
595 2104 677 2179 716,
700 2105 729 2167 si
748 2112 903 2166 accurate
918 2122 991 2164 corn
1019 2115 1158 2167 arentur

30 2188 185 2251 671684.
232 2188 280 2249 Ae
302 2206 366 2269 pro
388 2197 482 2267 certo
503 2185 638 2267 quidem
661 2195 697 2249 et
719 2182 898 2271 explorato
919 2184 981 2247 illu
1028 2185 1158 2249 haben-

30 2267 89 2329 dum
115 2282 183 2348 est,
221 2275 360 2333 minime
390 2274 424 2332 iu
455 2268 606 2334 Caucaso
640 2273 790 2333 vinctum
815 2289 890 2334 esse
919 2270 1159 2333 Prometheum

31 2352 241 2440 lnchylium,
260 2356 321 2418 sed
342 2358 379 2417 in
398 2355 538 2440 rupibus
553 2354 759 2440 Europaeis,
781 2354 824 2417 ad
845 2357 938 2441 ipsos
954 2356 1052 2417 Asiae
1066 2355 1158 2421 lines.

31 2434 138 2503 11616616
164 2440 231 2503 hoc
261 2452 313 2503 est
339 2439 541 2514 tenendum,
585 2461 662 2503 eum
691 2458 764 2504 esse
793 2461 822 2505 v.
846 2441 917 2501 738.
955 2442 1159 2509 narrationis
1231 2478 1237 2499 .

30 2540 148 2601 nexum,
175 2539 218 2589 ut
237 2524 362 2610 palude
385 2522 557 2591 Maeotide
578 2526 726 2609 separari
748 2524 882 2588 Asiaet
904 2522 1040 2608 Europa
1063 2525 1160 2609 cogi-

31 2617 123 2671 tentur
142 2630 161 2671 a
182 2624 300 2696 poetar
325 2629 470 2692 quocum
493 2611 650 2675 convenit
676 2608 867 2685 llerodoto,
891 2611 948 2688 qui
971 2611 1005 2670 in
1028 2611 1160 2672 utrius-

31 2709 80 2771 que
100 2696 247 2764 confinio
270 2691 414 2757 collocat
437 2694 585 2757 Tanaim.
629 2693 756 2755 liadem
775 2695 878 2778 igitur
899 2688 996 2775 palus
1013 2691 1159 2759 Maeotis

30 2778 215 2860 npifioerur
234 2801 264 2843 v.
278 2780 351 2842 769.
375 2777 451 2841 ὅταν
473 2775 611 2865 περάσῃς
631 2775 759 2859 ῥεῖθρον
771 2777 906 2858 ἠπείρων
925 2775 1016 2860 ὅρον,
1036 2780 1159 2859 quibus

32 2865 224 2927 6666666666
236 2867 429 2948 interrupta
451 2886 481 2930 v·
498 2867 569 2927 754.
588 2865 747 2926 narratio.
773 2904 776 2909 -
792 2861 929 2925 Summa
945 2872 1056 2925 autem
1068 2883 1161 2927 nunc

31 2949 184 3030 regionum
205 2951 379 3034 perversio
403 2950 512 3010 oritur
532 2968 591 3023 eo,
614 2947 708 3031 ¹quod
729 2950 824 3034 prius
846 2965 947 3026 quarn
968 2958 1161 3033 permeatus

30 3035 64 3092 sit
85 3032 255 3118 Bosporus
278 3030 479 3097 Cimmerius
506 3042 607 3115 atque
630 3030 776 3095 Maeotis
806 3030 921 3118 palus,
960 3031 1003 3094 ad
1030 3031 1162 3097 Cauca-

30 3129 88 3176 sum
105 3131 309 3202 perventura
333 3128 367 3180 et
387 3116 575 3180 Amazonas
593 3115 777 3180 indicitur.
820 3116 873 3178 Ne
892 3120 968 3199 quis
990 3128 1101 3179 autern
1123 3119 1161 3179 iu

31 3202 208 3267 occidentali
231 3202 380 3287 Bospori
393 3200 568 3265 Cimmerii
590 3214 685 3286 parte
704 3198 891 3285 Caucasum
913 3212 948 3264 et
963 3197 1162 3265 Colchidem

31 3288 94 3367 poni
109 3290 310 3350 arbitretur:
332 3290 374 3349 ab
397 3286 562 3350 eiusmodi
583 3289 794 3370 ignoratione
807 3289 947 3349 istarum
962 3304 1076 3349 rerum
1090 3305 1162 3361 non

31 3374 122 3452 potuit
143 3382 243 3457 poeta
268 3392 337 3437 non
358 3370 488 3434 alienus
510 3389 602 3446 esse,
634 3372 692 3452 qui
715 3373 887 3435 verissime
909 3384 982 3432 turn
1003 3370 1104 3433 Asiae
1127 3380 1163 3435 et

32 3451 165 3541 Europae
195 3461 360 3519 terminos
388 3457 620 3525 constituerit,
649 3465 724 3517 tum
751 3456 792 3518 ab
815 3453 964 3519 Caucaso
985 3454 1163 3521 meridiem

31 3552 127 3602 versus
147 3541 337 3605 Amazonas
358 3537 553 3619 collocarit,
589 3560 687 3621 quem
712 3560 754 3604 66
777 3553 931 3625 apertum
951 3551 1005 3603 est
1026 3543 1062 3601 in
1084 3539 1176 3619 Asia!

35 3627 178 3708 cogitare,
218 3646 288 3687 nou
317 3630 353 3688 in
384 3624 520 3709 Europa
550 3625 651 3687 situm
681 3561 709 3689 (1

35 3705 180 3788 Quoniam
202 3725 315 3773 autem
338 3730 423 3793 quae
445 3709 522 3772 aliis
545 3707 586 3771 de
609 3713 734 3773 caussis
754 3718 832 3793 post
851 3730 881 3774 v.
895 3712 965 3775 790.
984 3709 1163 3771 statuenda

34 3802 73 3855 est
92 3790 208 3857 166666
228 3795 310 3859 lacit
333 3808 371 3859 ut
393 3795 435 3857 de
457 3814 526 3856 uno
548 3795 674 3856 codicis
698 3790 784 3856 folio
807 3792 920 3857 lacero
943 3786 996 3858 vel
1018 3812 1163 3876 quomo-

35 3876 191 3962 docunque
212 3890 378 3964 corrupto
401 3876 616 3963 cogitandum
640 3880 685 3941 sit
708 3881 915 3952 necessario,
938 3881 1006 3941 veri
1029 3890 1163 3941 nonest

35 3962 193 4042 dissimile,
218 3964 331 4028 alieno
352 3968 386 4027 in
409 3960 507 4038 loco,
528 3983 603 4027 cum
626 3962 738 4026 denuo
759 3966 1033 4048 compingeretur
1046 3960 1104 4025 ille
1117 3960 1164 4025 li-

37 4045 96 4122 ber,
114 4052 277 4111 insertum
294 4047 377 4110 illud
394 4047 513 4110 folium
526 4064 609 4112 esse.
654 4046 692 4107 ln
715 4067 783 4129 quo
796 4051 825 4111 si
845 4054 882 4109 ea
897 4050 1088 4131 perscripta
1105 4066 1164 4111 es·-

36 4142 109 4212 seat,
135 4154 219 4217 quae
243 4153 335 4197 nuuc
353 4130 514 4227 leguntur
534 4150 553 4195 a
577 4154 603 4194 v.
625 4133 698 4192 716.
719 4130 762 4192 ad
784 4152 814 4196 v.
829 4135 922 4207 727,
957 4127 1165 4215 planissime,

38 4233 90 4294 666
109 4220 206 4280 modo
235 4240 281 4282 ex
312 4220 454 4302 proprio
483 4214 653 4279 loco'suo
682 4214 751 4280 huc
801 4219 948 4279 otueriut
974 4214 1166 4295 transferri,

39 4300 221 4390 intelligitur.
266 4302 434 4367 Pristinus
456 4302 561 4386 igitur
583 4301 670 4363 ordo
692 4238 855 4395 1616116166

712 3644 868 3687 aucasurn
896 3636 930 3687 et
953 3620 1163 3693 Colchidem.
1272 3667 1278 3681 .
1335 3626 1337 3669 l
