2686 4836
88 173 164 231 vm
310 110 314 117 ’
410 122 414 127 ’
508 150 810 232 emmeno,

54 336 107 411 ·,
192 270 1255 432 Dmuhhasepemoegmdtus„infinitumendts

90 433 272 519 sublatis,
312 445 346 507 et
376 434 581 509 carminum
606 435 750 507 ratione
772 444 859 506 tunc
883 432 1047 532 primurn
1074 431 1255 533 proditae

93 536 259 635 vulgarit
273 532 487 611 Gulielmus
499 530 686 610 Canterus
700 532 921 636 Antverpiae
941 562 1045 609 anno
1061 535 1173 615 1580.

190 688 382 764 Hactenus
405 688 449 763 de
469 688 692 763 editionibus
705 685 871 764 Graecis.
924 685 1040 788 Quod
1055 686 1114 762 ad
1133 690 1257 764 inter·

71 854 75 879 ,
89 791 329 891 pretationem
347 789 535 865 Latinam
551 802 709 892 spectat,
739 788 920 889 Aeschyli
934 790 1150 890 tragoedias
1160 790 1257 867 La·-

92 894 238 966 tinitate
259 891 412 968 donarit
426 894 593 969 Ioannes
607 893 895 991 Sauromannus
910 920 958 968 ez·
971 891 1128 996 officina
1145 891 1258 998 Opo-

93 997 190 1076 rini,·
220 997 260 1072 si
280 995 389 1071 modo
409 997 659 1097 interpretatio
673 993 829 1070 dicenda
856 1008 926 1085 est,
959 999 1090 1099 inqua
1106 998 1173 1072 oia·
1188 1000 1258 1072 ul-
1293 978 1302 999 κ

92 1096 167 1170 libi
181 1100 542 1199 reperiatursensus;
564 1099 748 1276 nemobpui
762 1099 890 1196 legerit
906 1094 997 1171 dicet
1013 1125 1125 1173 secus.
1151 1097 1258 1176 Pro-

91 1195 271 1275 metheum
317 1212 417 1274 osteo
440 1199 646 1285 Mattheus⁸
700 1200 884 1289 urbitius,
923 1203 1089 1275 oratione
1111 1202 1259 1295 sotera,

92 1302 263 1404 Septem·
304 1299 492 1401 hebonam
513 1303 615 1402 stylo
640 1305 748 1376 veteri
768 1303 911 1401 tragico
932 1303 1134 1405 Septimius
1151 1303 1259 1380 Flo-

93 1432 178 1478 rens
190 1399 661 1508 Christio'nusselicissime
674 1402 859 1486 reddidit;
889 1402 985 1477 idem
1003 1408 1115 1479 etiam
1128 1406 1258 1483 eodem

92 1506 193 1606 stylo
207 1503 461 1582 Prometheum
476 1507 696 1582 Desmotam
714 1505 943 1592 reddiderat,
968 1520 1008 1580 ut
1021 1521 1054 1581 et
1066 1507 1259 1611 Iosephus

94 1608 266 1706 Scaliger
279 1609 516 1697 Eumenides,
541 1611 644 1683 cuius
655 1610 820 1687 meminit
834 1610 874 1681 in
887 1608 935 1687 V
927 1637 1144 1713 arronemp.
1153 1617 1196 1686 11
1206 1619 1260 1701 1.,

72 1722 225 1785 neutro
239 1723 377 1802 lamen,
400 1706 647 1816 quodsiiam,
680 1713 795 1787 lucem
815 1711 917 1785 vidit.
967 1709 1261 1815 Interpretotia-

95 1840 175 1887 nem
188 1810 366 1913 Aeschyli
385 1814 714 1991 Brggrediebatm
744 1827 924 1916 quantum
943 1842 991 1888 ex
1004 1815 1159 1916 epistola
1172 1819 1260 1893 eius

94 1915 152 1989 ad
178 1914 361 1991 Ioannem
420 1920 593 2018 porinum
617 1915 797 2018 Sophocli
827 1946 851 1991 a
863 1915 956 2012 fixa
990 1920 1161 1992 coniicere
1186 1934 1258 2007 est,

94 2015 313 2093 Ioachimus
328 2014 590 2122 Camerarius]
608 2021 759 2094 molitus
772 2031 823 2093 est
869 2012 1043 2094 ulielmus
1055 2017 1260 2129 Camertes,

92 2134 202 2224 prout
224 2119 712 2221 inProlegomenis‘moneu
750 2134 793 2196 ot
816 2135 936 2223 coepto
957 2123 1095 2227 defuit,
1125 2136 1260 2213 morte,

95 2226 244 2324 opinor,
267 2221 496 2324 praecentus.
556 2222 779 2325 Aeschylum
792 2226 922 2311 etiam,
943 2240 1028 2326 post
1044 2227 1087 2303 V
1084 2228 1262 2302 ictarium

95 2337 129 2399 et
146 2322 395 2500 Stephanum,
427 2324 528 2402 edere
549 2340 581 2401 et
600 2328 792 2401 illustrare
813 2327 927 2403 voluit
949 2331 1263 2431 oirincompora-

96 2427 186 2500 bilis
226 2456 362 2504 sancus
375 2425 641 2515 Casuubonus‚
674 2430 755 2531 ipsa
776 2441 861 2515 teste
878 2427 935 2502 ad
942 2431 1163 2505 Strabonem
1179 2459 1263 2533 pa·

94 2531 200 2627 ginis
219 2534 277 2618 18,
292 2532 443 2615 et104.,·
462 2533 531 2607 sed
543 2533 600 2606 uel
613 2528 716 2605 nihil
724 2534 928 2633 praestitit,
957 2533 1014 2605 ecl
1032 2534 1135 2637 quod
1142 2562 1264 2635 prae-

96 2633 260 2718 stiterat,
286 2660 363 2708 non
377 2635 456 2710 nisi
467 2636 680 2733 magna‘rei
695 2632 885 2708 literariae
899 2637 1045 2708 iactura
1059 2637 1265 2714 intercidit.

200 2769 307 2842 Haec
324 2767 368 2842 de
385 2768 548 2843 aliorum
561 2766 802 2854 editionibus,
832 2766 875 2841 de
898 2780 1025 2842 nostra
1045 2774 1176 2871 paucis
1190 2801 1265 2846 ac-

98 2869 185 2969 cipe.
234 2869 396 2944 Textum
410 2869 590 2967 Aeschyli
600 2868 821 2945 Graecum'e
834 2866 1068 2945 Canteriona
1090 2871 1266 2969 editione,

98 2968 516 3047 ScholiaeVictariana
530 2970 815 3075 depromsimusc
838 2986 870 3047 et
892 2973 1042 3075 nequid
1052 2972 1270 3055 desiderari

96 3098 204 3176 posse
223 3072 429 3163 c·ideotur,¹
449 3076 603 3178 reliquis
634 3102 713 3149 cum
736 3071 971 3150 Canteriona
996 3077 1165 3163 collatis,
1203 3079 1267 3165 le-

100 3180 235 3252 ctiones
258 3180 465 3265 variantes,
501 3178 698 3279 epistolas,
731 3174 1006 3281 praefationes,
1032 3182 1268 3259 coniecturas

100 3291 133 3353 et
148 3279 416 3355 obseruationes
434 3278 597 3354 omnium
611 3310 636 3353 a
659 3283 864 3381 posuimus.
921 3280 987 3354 Ad
1002 3279 1093 3357 haec
1111 3296 1268 3383 tragae-

102 3378 189 3453 dias
205 3384 348 3483 priores
367 3410 446 3457 curn
462 3382 605 3461 duobus
652 3381 737 3460 odd.
751 3384 876 3462 MSS.
897 3386 1140 3468 contulimuss
1166 3414 1268 3491 quo-

103 3509 184 3555 rum
201 3511 297 3558 unus
313 3487 408 3558 inter
419 3484 585 3586 κειμήλια
599 3481 838 3561 Borocciano
856 3490 897 3562 in
910 3486 1133 3563 bibliotheca
1151 3490 1269 3585 Oxo-

103 3585 226 3659 niensi
245 3602 478 3685 conservatur
485 3621 498 3670 ;
528 3590 687 3663 alterum
710 3615 728 3662 e
752 3587 974 3663 bibliotheca
997 3586 1267 3666 Arundeliana

103 3691 383 3763 communicavit
411 3717 572 3790 magnus
606 3702 728 3771 noster
759 3691 950 3766 Seldenus.
1020 3692 1167 3768 Prioris
1196 3722 1269 3796 ope

103 3786 348 3865 Scholiastem
365 3794 552 3890 uulgarem
573 3794 613 3865 in
630 3805 701 3865 tres
713 3797 860 3896 primas
873 3794 1088 3893 tragoedias
1101 3798 1269 3899 locuple·

103 3894 288 3975 tanimuse
318 3898 532 3993 posterioris
547 3892 791 3970 Scholiastem
809 3899 930 3970 alium
950 3896 1127 3975 hactenus
1141 3898 1267 3974 inedi-

101 4005 204 4078 tum,
228 3991 484 4072 exhibuimus.-
511 3999 698 4071 oariantes
718 3999 843 4074 itidem
858 3997 991 4074 horam
1006 3998 1125 4081 Codd.
1139 4002 1266 4083 MSS.

105 4096 293 4183 lectiones,
314 4101 397 4175 illis
436 4127 505 4174 uae
519 4126 567 4173 ex
582 4103 770 4200 impressis
785 4101 931 4205 deprom
958 4116 1017 4179 tae
1024 4108 1185 4209 suerunt
1201 4106 1267 4179 in·

104 4202 348 4278 terseruimus.
396 4128 590 4279 domines
603 4203 801 4291 rationem,
829 4132 1138 4282 ubidhnteriano
1157 4206 1272 4285 baud
