2686 4836
165 208 567 377 unmnnlrrnnus
591 186 658 323 rn'
668 216 1043 329 renuntiarunt.
1092 268 1194 325 xxm
1257 258 1262 265 ·

44 418 140 488 aava
164 419 306 503 ἐξέπληξε
327 424 394 486 τῶν
412 415 583 503 ὅψηγόρων
611 416 862 501 κῡμπασμᾶτων,
894 419 1040 485 dubitari
1062 423 1193 505 nequit,

42 512 125 591 quin
145 504 341 572 Promethei
359 502 521 589 moola
541 514 696 569 notetur:
710 494 823 589 “quud
845 508 875 571 ei
896 525 995 570 secus
1017 514 1125 584 esset,
1153 510 1190 570 in

43 593 147 657 rema
164 595 241 678 ipse
262 588 481 656 inveheretur
502 586 735 655 Prometheus.
787 588 861 654 Nec
882 593 986 655 auium
1007 595 1192 656 isiacum.

45 683 145 742 notin
164 680 234 741 nisi
254 679 292 739 in
306 674 447 740 Oceano
466 674 700 739 misericordia
721 685 813 738 tacto
834 678 915 741 satis
933 672 1190 760 intelligeretur,

46 782 106 826 rec
125 764 261 829 terrene
282 760 369 828 aden
391 769 427 824 et
447 761 652 843 imaginihus
672 759 866 829 redundans
887 763 1052 825 orationis
1073 777 1191 845 genus,

42 850 183 911 mima
203 865 224 909 a
246 867 277 913 r.
291 845 387 922 sot,
405 847 441 908 iu
465 841 706 911 Prometheum
727 846 943 926 conveniret,
972 848 1190 910 cuiiamnon
1298 884 1300 889 .

40 944 92 995 est
112 934 219 996 otium
241 929 351 995 aliena
371 925 457 993 mala
477 927 693 993 lamentandi.
740 928 947 994 Vaticinium
968 942 1079 994 autem
1102 928 1190 995 illud

38 1016 155 1099 quidni
175 1014 336 1081 Oceanus
357 1015 508 1100 potuerit
528 1031 547 1076 a
569 1027 670 1077 matre
692 1012 906 1098 comperire?
932 1012 1108 1079 Praeterea
1121 1018 1189 1079 mi-

36 1116 131 1178 rum,
149 1104 210 1186 qni
233 1117 280 1164 ex
300 1101 536 1162 incitatissimo
557 1100 688 1183 impetu
708 1095 878 1185 placidum
900 1098 1014 1163 subito
1034 1119 1074 1162 ac
1088 1098 1189 1163 seda-

37 1194 111 1249 tum
131 1208 160 1253 r.
173 1187 248 1267 ³⁷2*
270 1194 368 1247 exeat
389 1184 554 1283 oratipuis
576 1179 709 1284 flumen.
762 1182 865 1284 fitqui
886 1185 916 1246 si
938 1203 1054 1248 verum
1077 1181 1188 1285 istea-

35 1290 196 1428 ffi’il?
206 1267 1188 1438 dirarari‘omittiturtituli

36 1444 124 1501 enirn
154 1437 350 1502 cohortatio
371 1435 551 1520 quaedam,
584 1439 682 1500 cuius
703 1436 839 1520 quidem
863 1455 981 1502 caussa
1003 1433 1187 1524 protulerit

33 1519 91 1586 ille
112 1521 233 1587 fratris
254 1532 291 1584 et
311 1514 491 1608 Typhonis
512 1520 676 1607 exempla.
764 1521 862 1586 uodsi
885 1542 942 1600 ea,
967 1542 1053 1608 quae
1075 1524 1186 1587 inter·

35 1602 156 1674 ddisse
177 1618 257 1670 aute
280 1627 309 1671 r.
326 1607 398 1671 878.
421 1603 595 1687 ridentur,
618 1603 711 1672 telut
730 1623 749 1668 a
796 1602 850 1672 his
871 1608 1080 1692 inciperent:

346 1734 387 1792 orl
405 1733 434 1792 δ’
455 1725 522 1791 οὖν
538 1720 584 1779 -’

36 1853 193 1942 melicis
214 1863 291 1919 erat
308 1851 353 1915 ad
373 1842 474 1918 'resin
496 1848 537 1917 ni
560 1848 589 1916 δ’
610 1848 672 1917 ov'ae
693 1872 722 1916 e.
744 1872 776 1936 q.
798 1870 824 1917 s.
846 1852 1024 1917 aberratio.

110 1970 204 2039 Ante
226 1989 256 2035 v.
272 1968 345 2033 888.
366 1986 485 2033 rursus
507 1966 720 2031 intercidisse
742 1976 845 2030 un'um
868 1982 1019 2046 versum,
1046 1987 1113 2054 quo
1135 1971 1185 2035 sic

34 2044 103 2122 iere
126 2059 271 2122 Oceano
294 2062 428 2140 poterat
448 2052 667 2139 responderi:
684 2046 769 2138 ‘opu
787 2089 847 2134 -‚
870 2048 970 2118 docet
990 2056 1184 2120 intermissa

33 2143 238 2226 πιχυμνθίας
257 2140 454 2203 conminuta.
472 2182 476 2187 -
768 2158 773 2169 ·

109 2280 143 2326 r.
159 2259 224 2322 428
239 2275 315 2343 sqq.
348 2249 572 2318 Fundamenti
587 2248 665 2317 loco
678 2240 871 2317 habendum
884 2250 1091 2334 ὑποστενάζει,
1110 2267 1184 2320 tum

35 2354 172 2429 propter
190 2341 429 2407 auctoritatem
449 2336 635 2415 librorum,
653 2347 727 2401 tum
749 2336 840 2420 quod
857 2338 900 2403 de
914 2358 1015 2426 prosa
1030 2342 1184 2419 oratione

33 2432 173 2514 petitum
202 2435 256 2492 est
283 2418 500 2503 ὕποβαστάζει.
558 2424 606 2485 lta
635 2435 748 2487 autem
768 2422 883 2498 σθένος
902 2445 971 2487 non
993 2424 1093 2489 hahet
1114 2444 1183 2508 quo

33 2513 208 2578 referatur.
251 2508 355 2593 Quod
375 2511 466 2572 enim
484 2505 702 2571 Wellauerus
724 2511 851 2592 cogitat
874 2507 917 2573 de
938 2507 1063 2593 figura,
1082 2529 1182 2591 quam

33 2593 61 2660 ir
77 2599 131 2662 «lari
153 2600 243 2662 denir
265 2596 403 2669 dicunt,
423 2591 467 2657 de
488 2611 530 2659 eo
551 2591 760 2656 multimodis
783 2591 929 2656 falliturs
950 2597 998 2656 ita
1013 2596 1104 2657 enlm
1117 2614 1182 2659 nec

34 2683 213 2769 riponere
235 2678 320 2751 linet
340 2697 413 2764 pro
424 2679 493 2754 eui,
528 2697 594 2741 neo
622 2680 841 2762 praemittere
863 2679 1099 2743 attributirum
1117 2698 1182 2743 no-

35 2788 122 2832 rnen:
155 2765 282 2833 deiude
313 2761 414 2847 βάρος
441 2760 620 2843 dicendum
650 2773 723 2826 erat
750 2760 793 2826 de
816 2761 928 2841 caelo,
959 2784 1028 2827 non
1052 2763 1181 2840 σθένοςε

53 2864 205 2918 raeterea
221 2871 265 2913 ne
280 2850 330 2913 sic
351 2845 505 2933 quidem,
528 2864 626 2928 quam
639 2846 826 2911 instituerit
839 2851 1087 2931 grammaticam
1101 2867 1183 2913 rer-

33 2872 148 3001 dorum
161 2943 387 3009 structuram,
407 2929 619 3015 intelligitur.
660 2932 856 3016 scripturae
874 2932 1099 3019 discrepantia
1113 2952 1181 2997 no·

33 3032 93 3085 tata
123 3019 218 3085 nulla
239 3029 310 3099 est,
345 3024 578 3107 praeterquam
606 3015 697 3099 quod
720 3014 820 3082 Ἀτλα
840 3015 873 3083 θ’
896 3020 1064 3104 reperitur
1090 3016 1180 3103 apud

32 3105 261 3171 Scholiastam.
313 3103 351 3166 ln
374 3120 415 3165 eo
435 3112 547 3165 autem
571 3098 734 3163 vocabulo
756 3103 829 3187 ipsa
852 3092 1045 3189 corruptela
1066 3105 1180 3169 cerui·
1270 3180 1273 3185 ¹

32 3202 100 3273 tur,
121 3188 421 3268 emendandosque
442 3181 633 3271 Aeschylus
656 3188 707 3248 sic
728 3199 795 3250 est:
877 3210 883 3223 *

54 3296 61 3315 ⁴
170 3304 322 3364 Ἀτλαντος
339 3302 400 3357 uiir
415 3297 566 3372 ὑπείροχον
584 3302 683 3361 σθένος
700 3297 833 3370 κραταιόν
949 3348 953 3357 ,

176 3384 312 3462 οὐράνιόν
328 3404 358 3439 re
376 3379 464 3439 πόλον
482 3379 596 3445 νώτοις·
669 3405 675 3450 q

278 3466 466 3553 incurrerim.
554 3510 556 3517 .

35 3573 123 3659 Quae
146 3564 311 3640 unacum
334 3571 567 3658 superioribus
592 3583 721 3636 vertere
750 3572 830 3636 licet
853 3576 887 3635 in
911 3570 1003 3637 hune
1025 3574 1177 3637 modum:

177 3692 284 3744 Vnrher
301 3707 358 3744 rur
375 3687 429 3739 sair
447 3687 496 3740 iclr
518 3687 774 3753 sciurrbrdro’ngr
793 3689 886 3742 aileirr

267 3775 352 3841 einen
370 3772 479 3823 undem
501 3770 627 3825 Titanen
645 3774 802 3841 geidndigt

269 3849 360 3910 durch
370 3855 521 3923 jesselnde
541 3854 684 3909 Schmnch
706 3859 755 3912 der
773 3860 880 3925 Eiron,

177 3947 227 3998 des
251 3940 335 3995 Atlas
353 3954 426 3993 stetr
444 3941 637 4007 iiberrngrnde
655 3942 801 4008 maringe
819 3942 920 4009 Krufq
1014 4000 1030 4019 „

265 4025 325 4077 und
342 4024 390 4075 des
409 4022 551 4075 Himmels
571 4022 656 4074 Rund
676 4025 731 4090 ans
747 4024 846 4075 reinrn
868 4024 1038 4077 Schulreru:

330 4107 469 4159 durunrer
485 4106 579 4172 censat
598 4124 636 4158 rr.

39 4209 106 4277 Uno
126 4202 292 4273 vocabulo
313 4204 471 4272 conclusa
495 4212 659 4269 sententia
670 4205 790 4277 ,erdem
805 4217 857 4270 est
871 4210 903 4273 ri
919 4211 1052 4294 posita,
1073 4222 1171 4292 atque

39 4297 67 4357 iu
86 4296 185 4384 soph.
210 4292 299 4360 Oed.
321 4291 432 4358 Cels
459 4293 549 4367 1060.
570 4288 732 4363 ἁλώσεται.
1173 4320 1181 4333 ‘
