2686 4836
7 1272 9 1415 l
93 1337 244 1429 sau.
289 1333 603 1427 nuruum
644 1288 1172 1439 enarranonu
1228 1278 1302 1341 '¹'

202 1531 429 1615 vomunt]
454 1533 545 1599 vm.
570 1531 835 1617 inuenisse,
861 1558 894 1620 p.
909 1532 973 1649 x13
992 1559 1058 1625 sqq.
1102 1630 1104 1633 ι
1138 1588 1139 1597 Ν

121 2032 125 2047 .
272 1982 357 2079 (ne
386 1979 630 2056 En1r1onr
662 1985 1001 2091 srameraun)

5 2176 9 2391 p
63 2153 374 2277 „AlleAor
395 2181 606 2309 τραγῳδίαι
632 2180 736 2261 ἑπτά.
806 2156 992 2289 Aeschyli
1010 2198 1213 2288 tragoediae
1270 2260 1276 2273 ,

62 2308 180 2388 septem
194 2318 285 2364 cnm
295 2280 450 2363 Scholiis
463 2287 609 2361 Graecis
629 2293 815 2380 omnibus,
847 2296 1112 2398 deperditorum
1131 2300 1214 2377 dra-

5 2400 6 2483 }
60 2412 184 2469 matum
214 2395 449 2485 fragmentis,
471 2390 654 2464 versione
688 2408 734 2466 et
754 2401 1008 2472 commentario
1051 2398 1213 2473 Thomae

60 2495 210 2571 Stauleii.
255 2496 434 2567 Londini
464 2496 559 2590 typis
589 2493 710 2565 laeobi
736 2494 899 2570 Flesher.
935 2517 1097 2595 prostant
1128 2529 1213 2576 vero

59 2604 143 2695 apud
155 2598 374 2672 Cornelium
388 2596 461 2668 Bee
473 2599 540 2668 sub
554 2597 754 2723 insignibus
766 2602 975 2691 regalibus
963 2629 1003 2677 in
1016 2606 1095 2677 vieo
1106 2608 1214 2698 vulgo
1244 2624 1247 2631 '

58 2703 142 2776 dicto
154 2701 273 2775 Lrttle
285 2698 442 2785 Butam
467 2699 667 2774 mmmm)
669 2698 780 2776 ’Fot
836 2701 1071 2778 Dedicationa
1093 2725 1215 2783 carent

58 2806 168 2877 annia
187 2827 287 2900 qnae
305 2803 445 2895 inspexi
432 2796 569 2872 huius
592 2804 681 2872 anni
702 2805 931 2897 exemplaria,
963 2812 1025 2879 aed
1045 2812 1214 2904 repetitae

57 2923 130 2981 emt
146 2932 247 2979 anno
271 2906 481 3000 insequente
499 2906 595 2997 apud
615 2902 667 2976 lo.
686 2902 779 2976 Hart
802 2902 965 2999 plagulae
993 2910 1147 2982 initiales
1168 2916 1214 2983 ad

56 3010 153 3082 finem
178 3012 321 3080 saltem
333 3002 557 3092 Promethei,
596 3007 779 3100 prioribus
799 3011 858 3078 vel
879 3014 1042 3084 consulto
1062 3016 1119 3085 vel
1139 3017 1214 3086 sor-

55 3115 136 3186 tuito
156 3111 334 3184 incendio
354 3110 568 3202 absumptis,
602 3112 700 3204 quod
722 3124 756 3180 et
773 3112 941 3201 editionis
963 3116 1073 3187 totius
1095 3141 1214 3188 exem-

55 3216 208 3307 plaribus
229 3215 400 3284 noudum
419 3211 588 3282 venditis
606 3226 726 3304 postea
752 3215 900 3306 tentigit
921 3216 961 3285 in
985 3220 1214 3291 memorabili
1266 3226 1270 3237 '

55 3317 111 3389 illo
129 3316 306 3390 incendio
321 3312 546 3387 Londinensi
561 3338 657 3385 anno
675 3314 783 3389 1666.

146 3482 275 3555 Multa
288 3480 435 3575 quidem
452 3479 491 3548 in
507 3479 671 3549 versione
684 3477 813 3551 Latina
829 3483 923 3554 inter
935 3484 1214 3577 imprimendum

55 3584 247 3657 aStanleio
262 3584 432 3657 videaur
444 3582 553 3652 fuisse
565 3594 712 3665 mutata,
737 3608 822 3681 nam
835 3608 854 3654 e
865 3584 994 3671 tribus,
1018 3583 1214 3681 quaemihi

54 3690 260 3779 pervolvere
293 3685 460 3776 contigit,
502 3684 781 3775 exemplaribus,
819 3688 963 3757 nullum
997 3713 1079 3759 eum
1102 3691 1214 3762 altero

55 3792 229 3862 convenia.
295 3786 400 3877 Quae
425 3810 523 3858 anno
544 3782 656 3859 1664.
682 3789 778 3880 apud
802 3786 967 3865 lo.·Hart
992 3792 1215 3883 prodierunt,
1236 3832 1241 3843 ·

54 3893 211 3984 plagnlas
231 3887 369 3963 habent
394 3889 569 3980 singulas,
603 3887 649 3959 ad
668 3888 777 3961 finem
790 3915 903 3986 usque
915 3888 1139 3980 Promethei,
1164 3895 1215 3965 ita

54 3995 95 4064 ab
107 3995 272 4066 editione
283 3993 415 4086 prioris
426 3988 514 4061 artui
527 3989 775 4083 discrepantes,
787 4007 829 4066 ut
841 3989 936 4064 nihil
949 3994 1052 4065 dubii
1066 3997 1111 4068 sit
1125 3997 1214 4091 quin

53 4098 183 4169 luerim
209 4097 344 4168 iterum
370 4093 465 4190 typis
487 4093 686 4168 mandatae.
737 4094 808 4166 Sed
835 4109 870 4167 et
894 4096 970 4189 ipsa
996 4098 1106 4185 editio
1127 4097 1215 4169 anui

56 4198 164 4276 1666.
183 4196 392 4285 nouhitem,
408 4190 517 4266 habet
532 4196 822 4289 discrepantiam,
857 4200 1020 4293 quamvis
1037 4224 1113 4271 non
1126 4202 1214 4270 adeo

53 4299 240 4393 insignem,
256 4315 297 4373 nt
313 4322 390 4371 non
402 4298 714 4371 interventudorte
727 4294 883 4375 auctoris
896 4300 991 4374 inter
1002 4303 1215 4395 imprimen-

839 4402 942 4477 a2·
1058 4425 1080 4453 ν’
