2686 4836
141 170 237 231 xm
580 151 622 226 o.
647 94 855 231 uhistou

227 321 268 389 V.
286 326 360 393 ast.
383 324 558 407 ξυμπίτνων
579 323 822 389 scribendum·

228 441 269 503 V.
286 441 359 503 195.
382 442 434 503 καὶ
454 441 582 523 μακρόν
603 437 706 523 όσφόν
727 442 791 504 etsi
806 439 934 523 nemini
948 433 1136 502 offensioni
1152 438 1307 515 fuerant,

142 537 255 589 tamen
283 524 458 607 quomodo
487 524 704 610 longitudine
737 524 893 588 rideatur
927 526 1072 607 iusignia
1101 542 1179 589 esse
1208 533 1311 608 spina

143 632 239 673 sacro
260 613 319 672 vix
340 608 443 674 dicas.
487 609 687 675 Certissima
706 622 820 672 autem
841 607 944 672 verba
964 621 1045 671 sunt
1058 608 1245 672 Menandri
1263 614 1312 669 in

145 693 263 757 eadem
292 715 331 758 re
362 699 529 760 versantis
568 695 679 781 [apud
701 693 826 758 Athen.
842 692 907 773 tv,
936 713 969 778 p.
987 693 1057 756 146
1078 692 1118 754 E.
1126 743 1137 774 ,
1171 694 1312 777 Fragm.

145 778 459 866 p.50.tt1·etnet‹.]:
531 794 540 803 ⁹
952 816 960 831 ι

491 910 497 917 ·
616 891 668 961 τὴν
691 891 787 963 όοιμόν
805 887 913 965 ἄκραν,

149 1010 272 1089 quibus
294 972 576 1096 viaksigoificatur
597 1010 641 1072 ad
663 1010 872 1075 emendanda
894 1006 1088 1098 Aeschylia.
1129 1011 1191 1076 Sic
1214 1011 1315 1074 euim

151 1099 314 1181 scriptum
336 1095 418 1159 fuit:

185 1250 191 1259 .
302 1215 384 1285 κνίσῃ
401 1228 432 1264 re
446 1211 526 1265 ’κῶλα
542 1209 723 1280 συγκαλυπτὰ
736 1208 826 1283 ,νᾶμ’
849 1207 965 1282 ἄκραν

304 1292 400 1364 ὀσφὺν
417 1289 549 1364 πυρώσας
565 1322 613 1351 ·-.

241 1406 281 1468 V.
297 1408 370 1475 582.
395 1414 545 1487 opimum
568 1404 716 1474 offendit
736 1406 835 1494 πόρον
854 1409 896 1472 de
910 1405 1047 1472 flumine
1060 1410 1213 1494 positum
1227 1410 1323 1470 sim-

179 1488 309 1573 liciter,
342 1498 494 1556 intanta
541 1497 717 1558 raesertim
740 1493 941 1558 emendandi
964 1492 1228 1572 commoditate,
1272 1509 1320 1552 ua

154 1514 374 1643 homericum
394 1577 481 1642 illud
504 1576 596 1665 ρόον
618 1600 687 1642 non
709 1579 928 1642 mediocriter
941 1576 1211 1643 commendatur.
1248 1512 1320 1639 hi-

157 1660 296 1725 millima
318 1669 495 1752 superiora
517 1686 546 1731 v.
570 1667 640 1728 139.
662 1661 821 1752 ἀκοιμήτῳ
842 1660 972 1749 ῥεύματι
992 1662 1115 1747 πατρός
1134 1661 1299 1725 Ὠκεανοῦ.

240 1781 282 1844 V.
298 1780 372 1845 54⁵.
394 1782 496 1845 verba
524 1781 589 1869 ἰδίᾳ
617 1775 724 1864 γνιόμῃ
751 1778 972 1841 emendaturo
1000 1776 1170 1840 auxilium
1189 1786 1324 1887 peten-

157 1864 239 1926 dum
262 1886 306 1929 ex
327 1863 529 1933 scholiastae
551 1862 797 1949 explicatione:
818 1865 851 1929 lv
872 1865 937 1951 trip
956 1850 1065 1948 γνιόμῃ
1086 1864 1139 1925 καὶ
1162 1862 1325 1943 cuimod-

157 1973 229 2024 τως.
273 1948 369 2032 Quae
391 1954 419 2011 si
443 1950 697 2013 contenduntur
720 1969 797 2012 cum
809 1945 1010 2011 scholiastae
1024 1948 1138 2013 verbis
1152 1948 1195 2011 ad
1211 1946 1323 2034 soph

158 2034 271 2119 Antig.
286 2036 377 2097 875.;
398 2033 606 2118 αὐτόγνωτος]
630 2033 820 2117 αὐθαίρετος
839 2033 891 2095 καὶ
912 2029 1123 2117 ἶόιογνιόμων,
1144 2044 1242 2097 certa
1260 2051 1327 2094 ra-

159 2121 254 2181 tione
276 2119 433 2182 ducimur
455 2122 497 2182 ad
518 2122 698 2207 pristinam
720 2137 839 2187 versus
861 2115 1009 2180 formam
1032 2113 1180 2181 hancce:

369 2241 660 2319 αὐτογνωμόνως
676 2248 759 2316 σέβει.

159 2358 409 2444 αότογνωμόνως
428 2366 495 2425 rite
518 2373 618 2445 atque
641 2362 763 2426 ordine
782 2360 911 2425 factum
932 2362 973 2424 ab
996 2360 1209 2447 αότογνιόμων
1227 2366 1327 2428 bono

162 2444 329 2511 vocabulo
352 2444 440 2510 nihil
463 2447 563 2509 habet
585 2445 788 2512 offensionis
811 2457 945 2530 praeter
966 2461 1162 2536 correptam
1184 2455 1327 2599 ante?

160 2529 331 2596 vocalem:
352 2534 450 2597 cuius
472 2542 584 2594 tamen
607 2528 765 2595 licentiae
787 2530 941 2616 exempla
960 2534 1124 2615 quaedam
1137 2535 1279 2624 Aeschy

163 2635 203 2680 ac
226 2615 411 2704 Sophoclia
434 2617 568 2702 pridem
591 2629 706 2680 notata
730 2617 877 2681 Porsooi
899 2615 942 2679 ad
965 2618 1093 2681 Hecub.
1116 2640 1147 2684 v.
1166 2624 1241 2683 302

160 2724 165 2731 ’
253 2736 292 2794 V.
308 2734 381 2795 548.
398 2732 584 2819 dupliciter
597 2735 828 2818 interrogatur
852 2738 924 2797 τοῦ
943 2734 983 2797 ri
988 2758 1003 2808 ς
1024 2732 1124 2817 ἇλκό;
1146 2735 1327 2825 Stephano

45 2870 50 2875 .
107 2876 115 2883 ,
167 2814 321 2961 &tacebat
341 2816 477 2903 velauri
499 2842 547 2892 τις
568 2817 621 2884 vel
643 2820 709 2883 εἶπέ
727 2842 788 2883 nov
809 2818 872 2893 τίςε
907 2836 1027 2907 parum
1049 2825 1142 2889 enim
1166 2836 1327 2888 accurata

207 2900 358 2966 'ellaueri
381 2906 539 2964 narratio.

252 3016 293 3079 V.
314 3017 387 3080 577.
410 3039 454 3081 ex
473 3016 816 3102 librorumacriptora
830 3030 864 3083 et
887 3023 1143 3106 comparatione
1160 3030 1327 3094 antimo·

168 3099 256 3207 phac
279 3121 490 3187 consequeus
512 3099 596 3166 haec
617 3115 669 3169 est
693 3106 900 3169 emendatio:
981 3138 985 3151 ·

552 3215 599 3284 ‘nt
616 3230 673 3300 nt,
695 3239 856 3300 οιοῑοιοι,

375 3310 382 3339 ⁸
475 3308 646 3388 α’πόποι,
668 3322 715 3387 πῆ
730 3320 759 3392 μ’
780 3318 880 3392 ἆγοιοι
967 3308 972 3325 ⁸

169 3439 229 3498 τιοῖ
245 3444 280 3496 et
293 3437 337 3515 τῆ
353 3434 533 3497 coniuncta
548 3432 652 3500 habes
667 3456 695 3498 e.
712 3426 743 3499 cs
757 3438 794 3497 in
811 3434 890 3497 Eur.
907 3435 1031 3498 Hecub.
1045 3457 1077 3499 v.
1097 3441 1189 3503 1066.
1203 3445 1327 3523 (¹047.)

171 3514 309 3581 Cretico
326 3513 512 3579 molossum
527 3520 732 3605 respondere
746 3540 813 3583 non
829 3529 943 3606 potest
958 3521 1204 3607 demonstrari3
1226 3549 1327 3614 prou⁴

173 3611 266 3665 terea
287 3608 337 3665 nui
357 3609 406 3664 nui
428 3609 478 3666 ταῦ
497 3606 693 3668 coniunctio
714 3608 789 3668 sine
808 3605 975 3691 exemplo.

258 3717 298 3778 V.
313 3719 386 3780 600.
401 3719 512 3782 scribe
532 3718 687 3798 κέντροις
708 3719 753 3783 ini
777 3720 995 3804 φοιταλέοισιν,
1015 3725 1167 3810 synizesi
1180 3724 1327 3792 efferen·

173 3801 276 3880 dum,
309 3811 411 3884 atque
437 3806 473 3866 in
497 3803 671 3889 Euripidis
700 3824 799 3867 versu
829 3806 917 3889 apud
943 3804 1137 3871 Seidlerum
1160 3810 1205 3874 de
1228 3813 1270 3875 V.
1294 3814 1327 3876 ll⁴

173 3909 206 3973 p.
222 3890 275 3951 38.
296 3883 449 3967 μανιάδος
470 3888 693 3973 ‹pomuli—ov
715 3895 785 3973 φεῦ
806 3897 879 3974 φεῦ
897 3887 1040 3971 μόχθων.

258 4002 300 4063 V.
316 4003 390 4065 507.
414 4000 609 4087 Perpolitur
631 4023 748 4068 versus
763 4017 901 4153 recepto
918 4005 1066 4071 Elmsleii
1082 4008 1265 4099 praeclaro
1278 4014 1327 4076 iu-

173 4096 278 4156 veuto
299 4098 333 4149 et
356 4099 488 4150 seriata
508 4089 625 4150 ultima
641 4090 706 4173 χρὴ
729 4095 821 4153 vocis
856 4094 972 4154 ittera:

341 4216 462 4283 παθεῖν,
480 4220 509 4268 τί
522 4218 642 4286 μῆχαρ
660 4215 678 4281 ἢ
697 4222 727 4269 ri
743 4215 896 4287 φάρμακον
917 4215 1019 4281 νόσους
