2686 4836
152 231 544 311 umuosrrouus
565 233 618 309 ru
632 202 1025 339 ’6666666666
1076 182 1156 307 xlv

37 408 73 471 ita
88 408 123 470 ad
138 412 294 472 amussim
318 378 504 494 respondet
526 370 725 499 6666611166.ι
748 428 767 473 a
791 405 993 475 Wellauero
1014 407 1157 503 demum

37 504 133 558 tenere
152 504 326 579 corrupto.

97 608 131 670 V.
149 609 216 672 666.
249 609 383 675 diversa
405 570 592 697 scriptura,
632 610 853 673 etiamsinon
876 558 1089 696 reeipilmda,
1122 617 1158 669 at
1197 614 1199 623 ’

42 697 236 777 qneexstitit
258 704 372 757 umen
392 692 492 772 olim,
518 690 616 757 latuit
636 697 670 755 in
695 689 861 756 66166606
884 690 1156 770 11666666111666,

44 780 93 842 ie
110 786 284 858 morinis,
305 789 345 841 ut
367 789 419 843 est
440 779 528 842 infra
550 798 580 843 v.
598 772 874 842 sirannus-uam.
920 778 995 843 Vid.
1018 774 1156 841 116666-
1195 802 1198 809 ’

41 882 92 924 rna
110 862 147 925 ad
168 861 273 927 Well.
288 864 338 941 ll,
359 885 391 950 p.
407 865 480 929 428.
501 861 714 926 Bruuckium
736 863 777 925 ad
801 859 936 949 Hippol.
952 865 1047 925 1104.

97 977 130 1039 V.
149 978 219 1043 646.
242 982 271 1041 si
287 981 481 1043 terminatio
494 977 658 1065 probatur
673 981 778 1063 epira,
801 976 996 1042 asciendum
1018 975 1158 1038 Homeri

35 1059 312 1149 exemploetiami„
332 1076 383 1128 est
404 1061 653 1142 πωλεύμεναι
677 1064 785 1125 verbi:
808 1061 1022 1147 quaquide'm
1047 1058 1158 1124 forma

34 1146 125 1209 eodem
145 1162 241 1235 poeta
262 1151 337 1212 iure
359 1148 543 1231 eademque
561 1150 671 1210 utitur
687 1149 720 1217 vi
734 1160 834 1232 atque
847 1150 1027 1230 εἰσοιχνεῦσι
1039 1167 1069 1211 v.
1079 1149 1157 1253 ι162,
1237 1190 1241 1197 -

97 1264 131 1325 V.
145 1266 215 1328 656.
236 1259 342 1349 πρός
363 1262 485 1349 πατρὸς
507 1262 701 1327 notandum.

97 1378 132 1440 V.
146 1383 216 1444 678.
238 1384 397 1467 proxime
419 1378 462 1442 ad
483 1399 600 1444 rerum
624 1376 754 1442 accedit
772 1376 969 1463 Spanhemii
983 1375 1080 1458 ἀκτήν
1099 1377 1158 1457 (66

29 1457 134 1610 ξρὲϋω.
156 1464 272 1554 hymn.
302 1469 338 1528 in
360 1463 442 1530 Pall.
470 1466 583 1544 v.46.)
640 1463 707 1531 sed
734 1466 846 1550 ipsum
876 1484 992 1528 verum
1023 1462 1157 1529 videtur

99 1567 197 1614 esse:¹
864 1568 866 1577 '
1091 1566 1097 1575 ’

242 1682 386 1753 Λέρνης
403 1675 429 1733 r'
449 1680 484 1739 tr
503 1628 665 1746 ἀκτήν.-

31 1790 169 1861 liuderus
191 1794 247 1861 01.
263 1790 420 1873 V11‚60.:
436 1798 610 1885 Λερναίας
631 1796 684 1862 tin’
706 1794 811 1874 ἀκτᾶς.

95 1929 131 1991 V.
142 1932 206 1994 708
220 1949 294 2013 sqq.
344 1928 398 1993 Ad
421 1928 651 2015 expediendos
673 1928 729 1993 lus
744 1946 891 1994 ‘errores
913 1950 980 2001 non
1002 1926 1085 1996 satis
1108 1936 1160 1997 est

30 2004 158 2079 laeunam
181 2021 284 2078 statui
307 2025 387 2101 post
407 2037 435 2091 r.
454 2018 525 2078 790.
567 2012 771 2079 Manifestus
785 2018 874 2079 enim
889 2027 1062 2099 praeterea
1075 2034 1159 2079 nara·

31 2101 147 2161 rationis
168 2104 288 2163 turbae
310 2110 390 2164 sunt
410 2099 492 2164 inde
512 2112 582 2161 a¹v.
597 2102 679 2178 716,
702 2103 905 2165 6166666666
919 2120 993 2163 com
1021 2114 1159 2163 arentur

31 2187 186 2249 straet.
233 2187 282 2247 Ac
304 2204 368 2267 pro
390 2195 484 2269 certo
505 2183 640 2266 quidem
663 2193 698 2247 et
721 2181 900 2269 explorato
921 2183 983 2246 illu
1030 2184 1160 2249 haben-

30 2266 90 2327 dam
116 2282 184 2347 est,
223 2273 363 2332 minime
391 2272 425 2330 in
456 2267 608 2332 Caucaso
641 2271 792 2332 vinctum
816 2288 892 2333 esse
920 2269 1161 2332 Prometheum

32 2350 243 2439 temylium,
262 2355 322 2417 sed
344 2357 380 2416 in
398 2354 540 2439 rupibus
555 2352 760 2439 Europaeis,
783 2353 826 2417 ad
846 2356 940 2439 ipsos
956 2355 1054 2415 Asiae
1067 2353 1160 2425 lines.

31 2433 138 2502 lleinde
165 2439 233 2502 hoc
262 2450 315 2501 est
341 2437 543 2512 tenendum,
587 2459 664 2511 eum
693 2458 765 2503 esse
794 2460 823 2502 v.
848 2440 919 2500 768.
957 2440 1160 2505 narrationis
1232 2480 1239 2499 .
1337 2470 1338 2477 ¹

30 2538 149 2599 mona,
177 2538 219 2588 ut
239 2522 363 2608 palude
387 2521 558 2590 Maeotide
580 2525 729 2607 separari
750 2523 837 2587 Asia¹
850 2532 885 2584 et
906 2520 1042 2608 Europa
1065 2524 1162 2623 cqgi-

30 2615 124 2670 rentur
143 2623 302 2695 aposta:
326 2628 472 2691 quocum
495 2610 652 2672 convenit
677 2607 869 2683 Herodoto,
893 2609 1007 2687 quiin
1030 2620 1161 2671 utrius-

30 2708 81 2769 qne
101 2695 247 2762 confinio
272 2690 416 2756 collocat
439 2693 587 2756 Tanaim.
631 2692 757 2754 lisdem
776 2694 880 2777 igitur
901 2688 998 2775 palus
1015 2690 1161 2757 Maeotis

29 2777 217 2859 apiacam
235 2800 266 2840 v.
280 2779 353 2841 769.
376 2776 453 2841 ὅταν
474 2774 612 2863 περάσῃς
632 2774 761 2858 ῥεῖθρον
773 2776 908 2858 ἠπείρων
927 2774 1018 2858 ὅρον,
1038 2779 1161 2859 quibus

31 2864 227 2925 continuatur
239 2866 431 2946 interrupta
452 2884 482 2927 v.
499 2866 571 2926 754.
589 2864 749 2925 narratio.
794 2860 931 2923 Summa
947 2871 1058 2923 autem
1070 2881 1163 2925 nuno

30 2948 185 3029 regionum
208 2950 380 3032 perversio
398 2949 514 3008 oritur
534 2967 593 3022 eo,
615 2945 709 3029 ‚quod
730 2949 826 3033 prius
848 2964 949 3025 quam
969 2958 1162 3031 permeatus

29 3034 63 3091 tit
85 3030 256 3117 Bosporus
280 3029 481 3095 Cimmerius
508 3042 609 3113 atque
632 3031 778 3095 Maeotis
808 3029 923 3116 palus,
961 3030 1005 3092 ad
1032 3029 1164 3096 Cauca-
1204 3040 1207 3045 '

29 3128 87 3175 mm
105 3129 311 3201 perventura
334 3126 368 3180 et
389 3115 576 3179 Amazonas
594 3115 631 3178 16
645 3113 779 3178 dicitur.
822 3114 875 3178 Ne
894 3118 970 3198 quis
992 3127 1103 3178 autem
1125 3118 1162 3177 in

29 3201 210 3265 occidentali
232 3200 383 3287 Bospori
394 3199 570 3264 Cimmerii
592 3212 687 3285 parte
705 3197 893 3285 Caucasum
914 3210 949 3262 et
965 3196 1163 3264 Colchidem

28 3288 94 3367 poni
109 3288 311 3349 arbitretur:
334 3289 375 3348 ab
399 3285 564 3349 eiusmodi
584 3287 796 3369 ignoratione
808 3287 949 3348 istarum
964 3303 1078 3348 rerum
1092 3304 1164 3357 non

29 3372 123 3451 potnit
145 3381 244 3456 poeta
269 3391 339 3436 non
360 3369 490 3433 alienus
511 3388 603 3444 esse,
636 3372 693 3451 qui
718 3371 889 3435 verissime
911 3383 984 3431 turn
1005 3368 1106 3432 Asiae
1130 3379 1164 3433 et

29 3450 168 3540 Europae
196 3459 362 3517 terminos
389 3455 622 3524 constituerit,
651 3464 724 3516 turn
752 3455 794 3516 ab
816 3451 965 3519 Caucaso
987 3453 1165 3519 meridiem

29 3556 129 3600 versus
148 3540 338 3604 Amazonas
360 3536 555 3618 collooerit‚
591 3558 756 3641 quemque
779 3551 933 3624 apertum
954 3550 1007 3603 est
1028 3541 1064 3601 in
1086 3537 1178 3617 Asia,

32 3626 179 3707 cogitare,
220 3644 289 3686 non
318 3629 354 3685 in
386 3623 522 3708 Europa
551 3625 653 3685 situm
683 3624 870 3687 (raucasum
898 3635 931 3685 et
954 3619 1165 3691 Colchidem.
1274 3667 1280 3681 .

32 3704 182 3788 06666666
204 3724 316 3771 autem
340 3728 425 3791 quae
447 3707 524 3771 aliis
546 3705 588 3770 de
611 3712 736 3771 caussis
755 3717 834 3792 post
853 3728 883 3773 6.
896 3711 967 3773 790.
986 3708 1165 3770 statuenda

31 3802 71 3855 ut
91 3790 209 3855 lacuna
230 3793 312 3857 iacit
335 3806 373 3857 ut
394 3793 437 3855 de
458 3812 528 3854 uno
549 3793 676 3855 codicis
699 3789 785 3855 folio
809 3790 921 3855 lacero
944 3788 997 3856 rel
1020 3811 1164 3874 quomo-

31 3876 192 3961 docunque
214 3887 380 3963 corrupto
403 3875 618 3961 cogitandum
642 3879 687 3939 sit
709 3879 916 3951 necessario,
939 3879 1007 3940 veri
1031 3896 1099 3938 666
1114 3889 1165 3941 est

32 3963 194 4040 dissimile,
219 3962 332 4026 alieno
352 3967 388 4025 in
411 3959 508 4037 1666,
529 3982 605 4025 cum
627 3958 739 4025 denuo
762 3966 1035 4046 compingeretur
1047 3959 1105 4024 ille
1118 3959 1165 4023 li-

34 4044 94 4121 ber,
113 4051 279 4110 insertum
295 4046 379 4109 illud
395 4046 515 4109 iulium
528 4062 610 4109 esse.
655 4045 694 4105 ln
716 4050 826 4128 quusi
846 4053 884 4108 ea
899 4050 1089 4130 perscripta
1107 4065 1166 4109 es·-

33 4141 109 4212 tent,
135 4152 220 4216 quae
244 4151 337 4196 6666
355 4129 515 4217 leguntur
536 4148 555 4192 a
579 4151 606 4191 r.
627 4132 699 4190 716.
720 4130 764 4192 66
786 4150 817 4195 v.
831 4134 924 4204 727„
959 4126 1167 4215 planissime,

34 4218 208 4293 quomodo
236 4238 283 4281 ex
314 4216 455 4301 proprio
485 4212 655 4277 loco‘suo
684 4212 753 4279 huo
802 4218 950 4279 otuerint
976 4213 1167 4295 transferri,

34 4299 222 4389 intelligitur.
267 4301 435 4366 Pristinus
457 4301 562 4385 igitu‘r
584 4299 671 4362 ordo
694 4299 751 4364 hic
770 4236 852 4365 luit:
