2686 4836
467 211 771 293 maurane.
1145 231 1188 289 rx

48 392 127 469 s'ntis
148 391 258 466 nobis
270 389 472 492 prodatur,
505 390 749 470 restituimus5
782 383 1015 486 Fragmenta
1033 368 1189 488 ιτὸὶἰιςί-
1228 346 1234 357 ⁸

49 525 129 586 mus,
155 496 284 570 οιηηία
304 486 448 567 Ldttne
468 484 719 579 reddidimus,
758 502 791 567 el
811 494 1070 579 commentario
1094 490 1187 567 illu-

48 600 237 675 aravatius»
291 595 402 674 Vale
508 696 513 705 ι
806 602 812 613 ’
1062 630 1065 639 “
1146 628 1151 635 ·

126 770 308 844 Hactenus
331 771 452 843 desua
465 769 624 843 editione
637 769 835 867 Stauleius,
864 792 956 865 quae
969 784 1005 843 et
1017 765 1186 862 pulcher-

48 876 119 946 rima
129 889 179 947 eat
189 889 228 946 et
239 873 553 969 praestantissima,
565 872 748 967 prioribus
762 873 868 962 longe
882 874 1053 946 ornatior.
1086 871 1185 962 Quid

48 980 124 1048 inea
134 977 351 1071 praestiterit
368 999 435 1068 pro
451 999 519 1075 sua
534 975 750 1046 verecundia
763 974 890 1045 leviter
905 988 1045 1046 tantum
1059 974 1184 1066 attigit.

46 1079 165 1151 Primos
182 1093 306 1150 autem
323 1076 527 1153 versionem
547 1078 677 1148 adiecit
696 1076 885 1163 Latinam,
910 1090 948 1148 et
965 1091 1192 1169 commenta7

46 1182 121 1255 rium
133 1182 297 1253 omnium
309 1180 478 1250 laudibus
490 1179 618 1249 merito
633 1196 773 1272 semper
789 1179 1027 1265 cumulatum,
1051 1180 1184 1253 multa-

46 1309 100 1378 que
112 1292 144 1356 et
152 1270 339 1355 recondita
359 1281 522 1354 doctrina
537 1279 816 1355 refertissimum.
868 1278 1024 1352 Felicem
1038 1281 1183 1377 quidem

47 1386 125 1457 illam
151 1389 191 1456 in·
211 1384 364 1483 syllabis
390 1384 653 1477 perpendendis
683 1383 925 1479 diligentiam,
962 1408 1053 1478 quae
1073 1378 1182 1455 hodie
1306 1416 1310 1425 ·

46 1490 128 1558 unice
139 1489 176 1557 in
188 1489 311 1582 pretio
329 1499 381 1557 est
391 1487 485 1579 apud
503 1509 563 1556 eos
582 1485 646 1580 qui
660 1509 697 1555 se
716 1486 852 1580 aliquid
868 1509 942 1556 esse
952 1485 1091 1572 volunt,
1105 1511 1181 1557 non
1241 1562 1245 1571 ,

49 1590 85 1661 ita
94 1604 234 1667 sectatus
250 1603 320 1677 est,
348 1602 389 1660 ut
403 1611 546 1658 omnem
559 1585 743 1658 seientiam
760 1589 799 1656 in
812 1613 852 1657 ea
864 1589 1057 1658 exercenda
1075 1604 1181 1683 atque
1290 1628 1292 1637 κ

12 1776 14 1779 ¹
46 1688 75 1760 in
87 1693 285 1785 fragmentis
305 1704 466 1762 veterum
482 1704 592 1786 atque
608 1691 841 1760 obscurorum
860 1702 1046 1760 auctorum
1060 1714 1181 1761 emen-

48 1794 150 1865 dandis
160 1796 317 1889 positam
325 1790 404 1863 ¹esse
415 1792 597 1878 iudicaret,
622 1815 737 1888 neque
753 1805 872 1863 tamen
884 1792 984 1861 illam
1002 1806 1064 1863 aut
1078 1792 1181 1883 igno·
1225 1835 1238 1865 ι

48 1896 134 1983 ravit,
164 1911 226 1969 aut
243 1919 393 1991 prorsus
412 1895 583 1984 neglexit,
613 1895 676 1964 sed
697 1894 997 1983 interldoctrinae
1021 1895 1180 1966 subsidia

49 1993 166 2086 hahuit,
192 2023 260 2070 nee
284 2023 394 2068 unam
408 1988 552 2092 quidem
567 1996 831 2088 portiunculam
848 2021 913 2089 pro
928 2010 1002 2067 tota
1015 1998 1181 2067 excolen-

48 2101 110 2169 dam
128 2102 195 2172 sibi
209 2101 416 2194 proposuit,
443 2123 510 2169 nec
529 2099 731 2169 ostentandi
755 2122 858 2169 eausa
873 2099 1028 2169 aliorum
1040 2124 1180 2170 errores

11 2230 13 2237 ·
47 2204 174 2273 studiose
194 2218 403 2297 persecutus
422 2214 486 2275 est.
528 2198 629 2271 'Non
651 2201 746 2269 enim
771 2201 942 2298 quicquid
964 2201 1043 2271 aliis
1062 2203 1180 2298 detra-
1227 2275 1230 2285 ,

48 2297 111 2374 here
126 2307 296 2398 potuisset
319 2304 389 2375 sibi
407 2303 580 2383 continuo
600 2303 764 2375 additum
785 2303 1015 2390 existimavit,
1049 2328 1114 2375 nee
1140 2305 1197 2398 in·

47 2408 212 2499 malignam
240 2407 502 2478 cavillationem
530 2403 610 2476 viro
635 2405 777 2477 liberali
802 2406 1086 2495 indignissimam
1109 2431 1181 2477 un-

10 2506 11 2531 *
48 2512 308 2604 quemdelapsus
323 2523 386 2582 est,
419 2494 601 2603 ⁴Aequum
616 2506 750 2578 scilicet
766 2508 929 2579 criticuin
943 2509 1086 2598 agebat,
1116 2510 1204 2603 qui·
1331 2540 1332 2581 t

49 2612 199 2682 nminem
213 2613 291 2685 suis
304 2612 471 2682 laudibus
488 2611 628 2704 privare
642 2610 780 2696 voluit,
805 2622 867 2683 aut
878 2610 1078 2704 aequalium
1095 2635 1180 2682 suo-

50 2715 243 2809 runiarnam
262 2713 436 2784 malevole
449 2737 490 2783 ac
505 2725 595 2785 tecte
609 2712 763 2787 laedere.
813 2710 927 2802 Igitur
942 2713 1211 2809 ad‘digladiaae‘
1331 2686 1332 2693 ἵ

50 2813 138 2885 tiones
152 2819 235 2888 istas
243 2817 400 2902 'criticae
412 2839 503 2909 quae
517 2836 594 2885 rem
609 2814 803 2885 literariam
821 2809 1066 2901 dehonestant,
1084 2840 1178 2885 nun·
1254 2850 1258 2871 ι

49 2940 131 3007 quam
143 2914 342 3005 deseendit3
361 2919 401 2987 in
416 2913 608 3010 phrasibus
622 2942 663 2987 ac
677 2917 859 2997 sententiis
874 2917 1114 3009 expediendis,
1139 2918 1180 2987 in

49 3020 229 3114 antiquitate
262 3018 487 3114 explicanda,
518 3019 558 3088 in
590 3032 733 3112 poetae,
767 3043 874 3114 quem
906 3020 979 3106 sibi
1001 3020 1180 3090 edendum

50 3140 210 3211 umectat,
242 3137 365 3194 mente
390 3136 495 3216 atque
517 3110 665 3191 consilio
687 3122 919 3206 illustrando,
949 3122 990 3190 iu
1019 3135 1178 3193 veterum
1242 3170 1246 3179 ·

49 3220 119 3309 vita,
147 3227 326 3311 moribus,
359 3223 528 3296 institutis
555 3222 818 3311 describendis,
848 3223 933 3295 satis
953 3218 1087 3314 largam
1111 3220 1179 3295 sibi

50 3329 203 3398 materiem
223 3327 384 3413 invenit,
415 3351 523 3420 quam
540 3349 663 3413 nemo,
695 3327 767 3396 nisi
783 3350 863 3397 cum
875 3326 995 3395 fructu
1010 3328 1178 3399 consulet.

51 3419 147 3522 ltaque
166 3432 308 3520 labores
331 3430 423 3514 eius,
456 3442 498 3499 ut
519 3452 585 3520 par
606 3442 699 3513 erat,
732 3452 861 3521 magno
883 3428 1068 3498 doctorum
1089 3452 1187 3498 cun-¹

52 3548 133 3601 seusu
154 3548 235 3605 sunt
256 3530 460 3627 approbati,
489 3529 635 3625 ipseque
663 3532 757 3601 inter
785 3531 949 3624 aequales
974 3553 1075 3617 suos,
1102 3536 1178 3601 nou

52 3638 238 3719 spernendos
252 3634 362 3720 viros,
385 3633 505 3722 magni
518 3656 656 3726 semper
667 3628 811 3703 habitus
823 3645 885 3718 est,
900 3657 1053 3726 quorum
1069 3656 1178 3727 quae-

53 3730 115 3803 dam
133 3737 329 3808 testimonia
349 3759 441 3830 quae
463 3737 637 3806 secundae
653 3732 822 3831 Aeschyli
837 3734 1006 3820 editioni,
1031 3758 1051 3804 a
1070 3733 1178 3805 Stan-

53 3828 105 3905 leio
126 3841 326 3926 edomatae,
361 3838 592 3908 illustrandae
617 3837 833 3924 inserviant,
864 3838 1039 3931 exipsius
1061 3835 1177 3908 MStis

41 3926 95 4017 ‚lle
107 3942 220 4021 afferre
234 3943 275 4013 in
290 3966 367 4013 rem
381 3939 459 4015 erit.
