2686 4836
556 200 859 282 PRAEFATIO.

351 508 356 515 .
479 378 964 522 uoururssreeoaeno

331 595 371 673 Τ
405 598 459 681 E
544 599 576 674 S
613 598 652 675 Τ
691 595 729 672 Α
761 594 809 674 Ν
843 593 883 672 L
922 595 966 670 E
1003 592 1030 670 1
1063 589 1103 673 0

436 761 529 838 rs
608 720 993 839 russeus
1187 838 1191 844 .

472 924 765 1009 ,see
969 982 972 993 .
1327 904 1329 999 t

240 1106 289 1180 Si
318 1108 403 1211 quis
425 1134 482 1181 me
511 1106 556 1183 de
578 1110 768 1212 proposito
794 1118 859 1183 tuo
887 1109 929 1181 in
951 1103 1178 1181 adornanda
1201 1130 1300 1179 noua
1327 1088 1330 1169 1

138 1205 319 1308 Aeschyli
329 1210 486 1283 editione
500 1215 683 1287 certiorem
690 1212 862 1315 fecisset,
885 1214 943 1283 uir
957 1209 1196 1295 nobilissime,
1222 1210 1303 1281 uti·
1330 1238 1331 1285 c

138 1341 208 1416 que
225 1312 300 1405 non
315 1312 513 1417 defuissem
531 1317 680 1389 muneri
687 1334 777 1399 meo,
798 1313 1108 1413 liberalissimaque
1121 1313 1303 1384 transmi-
1330 1328 1331 1341 ¹

140 1419 268 1489 sissem
283 1441 377 1516 quae
392 1412 512 1490 babeo
527 1413 640 1491 buius
654 1417 792 1516 tragici
803 1415 1046 1516 exemplario,
1067 1439 1113 1487 ac
1126 1416 1206 1485 item
1225 1412 1302 1484 illa
1331 1404 1332 1435 *

142 1518 236 1618 q'uae
252 1544 300 1590 ex
315 1516 470 1591 diversis
490 1520 627 1593 alienis
646 1521 736 1593 olim
759 1518 894 1615 collegi
906 1516 1103 1593 codicibus.
1162 1514 1304 1591 Verum
1332 1608 1333 1619 ἵ

142 1647 223 1691 cum
246 1647 321 1692 non
341 1647 465 1693 eorum
488 1624 656 1724 sequaris
677 1620 882 1724 exemplum
906 1621 975 1722 qui
984 1624 1129 1720 'semper
1145 1620 1306 1720 promit·

142 1733 243 1805 tunt,
274 1733 305 1795 et
327 1749 518 1824 nunquam
537 1736 750 1826 praestant,
782 1719 851 1796 sed
869 1749 960 1824 opus
971 1721 1165 1825 perfeceris
1177 1722 1308 1821 prius·

142 1851 257 1925 quam
280 1823 382 1898 ullus
401 1827 458 1897 tui
474 1825 532 1899 ad
547 1854 616 1900 nos
631 1827 774 1900 laboris
787 1853 917 1899 sensus
933 1829 1123 1928 autsama
1138 1825 1309 1923 perveni-

83 1987 87 1997 .
146 1938 216 2011 ret,
250 1950 298 1999 ex
315 1930 444 2001 animo
462 1924 568 2002 doleo
589 1956 664 2003 non
684 1929 846 2031 potuisse
866 1952 923 2000 me
934 1928 1083 2028 priiato
1096 1922 1219 2033 officio
1233 1954 1310 1998 an-

145 2030 298 2129 ticipare
319 2027 364 2100 id
379 2027 483 2135 quod
495 2031 646 2132 publico
662 2031 854 2105 contulisti
872 2026 1099 2127 beneficium.
1123 2027 1309 2130 simulque

146 2131 355 2203 molestiam
391 2134 525 2231 eripere
554 2161 620 2255 per
652 2130 885 2236 appendicem
905 2127 1129 2234 praestandi
1148 2128 1192 2203 id
1207 2128 1314 2235 quod

149 2233 301 2306 iunctim
316 2245 348 2305 et
362 2236 561 2308 continente
578 2263 687 2338 opera
701 2232 867 2336 perficere
878 2235 1071 2336 potuisses.
1121 2228 1311 2332 Quando-

148 2332 298 2436 quidem
319 2347 442 2410 tamen
464 2338 537 2410 tibi
556 2339 644 2411 libet
663 2340 775 2411 istum
795 2335 993 2415 ecantlare
1012 2334 1194 2422 laborem,
1231 2362 1310 2409 non

147 2440 440 2540 praetermittam
461 2440 579 2515 simul
600 2467 645 2514 ac
662 2438 719 2516 ad
735 2442 958 2615 meosluero
974 2464 1152 2522 reuersus,
1180 2436 1313 2540 plera-

150 2536 219 2642 que
240 2566 335 2642 quae
361 2536 481 2617 babeo
498 2538 679 2642 Aeschyli
703 2568 830 2642 exemp
848 2543 937 2615 aria
959 2538 1128 2640 colligere
1151 2549 1183 2613 et
1202 2541 1264 2613 ad
1280 2552 1313 2613 te

151 2642 408 2717 transmittere.
466 2641 659 2719 Gaudebis
679 2647 811 2746 opinor
829 2644 895 2718 ubi
917 2640 1050 2727 videris
1070 2654 1149 2715 tam
1168 2643 1314 2717 multus

152 2754 238 2817 tuas
254 2747 478 2821 coniecturas
497 2748 717 2822 auctoritate
741 2744 903 2822 codicum
918 2742 1089 2841 firmari,
1121 2745 1314 2848 multaque

149 2858 336 2949 praeterea
357 2848 440 2920 ulia
474 2849 574 2935 loca,
611 2875 705 2952 quae
727 2849 874 2931 nullum
894 2845 1099 2921 humanum
1121 2847 1315 2947 ingenium

30 3014 39 3037 ‚
155 2948 277 3021 caleat
292 2948 493 3035 emendare,
498 2952 666 3054 feliciter
677 2950 879 3025 admodum
894 2948 1025 3023 exinde
1036 2976 1143 3051 posse
1157 2953 1315 3041 restitui.

120 3138 123 3143 ἱ
153 3048 207 3122 In
222 3048 439 3126 Prometbeo
454 3066 616 3157 quatuor
636 3080 760 3127 uersus
778 3052 984 3129 desiderari
1003 3078 1124 3125 verum
1145 3061 1216 3137 est,
1251 3050 1320 3128 sed

155 3151 258 3253 quod
269 3151 313 3226 de
323 3152 540 3255 quqbquw
554 3157 664 3230 initio
681 3154 906 3255 significauit
924 3152 1117 3228 tibiDom.
1133 3151 1317 3241 Peurson,

156 3256 199 3327 id
214 3255 313 3328 male
327 3256 567 3343 intellectum,
592 3259 724 3361 quippe
742 3260 783 3333 in
799 3258 968 3333 omnibus
981 3283 1075 3359 quos
1091 3253 1172 3329 aidi
1182 3256 1318 3331 MStis

156 3358 431 3458 exemplaribus
447 3358 739 3461 Agamemnonis
754 3373 786 3433 et
799 3354 1016 3460 Χοηφόρων
1035 3355 1253 3457 tragoediae
1278 3360 1319 3432 in

157 3452 273 3532 uno'm
294 3461 476 3549 coaluere,
510 3460 675 3564 deestque
695 3463 847 3537 omnino
870 3474 903 3535 et
914 3459 1205 3560 Agamemnonis
1215 3458 1320 3558 finis

157 3575 188 3635 et
199 3564 324 3664 princi
346 3566 423 3635 ium
436 3562 593 3639 alterius
608 3563 839 3663 tragoediae,
872 3565 963 3667 quia
978 3589 1102 3663 nempe
1116 3564 1157 3635 in
1174 3562 1246 3637 illo
1260 3591 1319 3638 co-

157 3661 233 3737 dice
247 3592 344 3740 uadi
351 3664 498 3767 ‘reliqua
507 3668 740 3767 exemplaria
751 3677 1018 3767 permanarunt
1031 3692 1145 3738 unum
1160 3676 1193 3738 et
1205 3662 1323 3765 aliud

148 3768 292 3868 sursun
303 3766 451 3870 solium
469 3770 643 3869 perierat.
709 3767 829 3843 Porro
852 3768 938 3841 etsi
957 3769 998 3841 in
1019 3765 1112 3840 aliis
1123 3778 1318 3868 poetarum

157 3867 338 3942 Graeciae
358 3872 623 3959 monumentis,
655 3898 751 3974 quae
777 3883 817 3944 ut
838 3866 953 3944 audio
975 3866 1230 3943 emendatiora
1246 3870 1323 3943 luci

157 3970 302 4044 tradere
322 3968 532 4056 meditaris,
567 3985 695 4047 nostra
725 3974 797 4046 tibi
811 3969 981 4073 prodess‘e
998 3974 1144 4075 possint
1164 3973 1322 4061 scrinia,

157 4101 270 4174 aeque
290 4074 363 4147 illa
384 4101 429 4147 ac
441 4085 564 4147 noster
576 4075 648 4148 tibi
659 4075 799 4175 patebit
815 4075 985 4163 animus,
1016 4085 1049 4146 et
1065 4100 1136 4176 pro
1157 4074 1321 4149 arbitrio

160 4174 421 4299 utrisquesrui
433 4175 565 4254 licebit.
615 4175 807 4267 Londini,
834 4178 952 4263 1664,
977 4172 1067 4252 Fet.
1081 4180 1143 4252 11.
