2686 4836
472 198 776 283 PRAEFATIO
1150 220 1193 278 11

56 378 134 459 sart
154 378 262 454 nobis
258 377 476 503 'probptum
509 378 754 458 ιιιιὶιιιιιιιιιις
786 372 1019 475 Fragmenta
1041 370 1193 502 edllegi-

56 512 135 573 mus,
161 484 288 558 οιιιιιίιι
308 472 454 555 La‘tme
473 472 724 566 reddidimus,
763 490 796 553 et
816 483 1075 556 commentario
1099 480 1192 556 illu·

55 588 241 661 ernostus
296 583 342 661 V
335 582 407 663 ato.
513 684 517 693 4

9 850 10 855 ι
132 758 313 832 Hactenus
336 759 457 830 desua
465 758 628 833 editione
642 757 840 844 Stanleius,
869 782 960 853 quae
974 730 1009 831 et
1022 753 1190 851 pulcher-

9 918 10 925 ι
55 864 124 934 1ima
135 876 231 934 estet
243 861 557 983 praestantissima,
571 850 753 955 prioribus
767 862 872 951 longe
886 862 1057 934 ornatior.
1090 859 1189 951 Quid

54 966 83 1036 iu
94 989 129 1036 ea
139 964 354 1059 praestiterit
373 987 440 1057 pro
456 986 520 1034 sua
538 963 753 1034 verecundia
767 963 894 1033 leviter
909 976 1050 1035 tantum
1063 964 1188 1054 attigit.

9 1068 10 1081 ¹
53 1067 311 1138 Primusantem
328 1054 531 1143 versionem
551 1066 681 1137 adiecit
701 1064 882 1152 Latinam,
915 1078 952 1136 et
969 1081 1196 1157 commenta-¹

52 1170 126 1243 rium
138 1170 301 1241 omnium
314 1167 484 1238 laudibus
495 1167 622 1238 merito
638 1186 778 1260 semper
794 1167 1032 1254 cumulatum,
1056 1168 1188 1240 multa-

52 1297 105 1365 que
118 1272 343 1345 etrecondita
363 1269 526 1342 doctrina
541 1268 821 1344 refertissimum.
872 1267 1028 1340 Felicem
1042 1269 1188 1366 quidem

9 1436 14 1451 .
52 1370 129 1445 illam
155 1375 192 1444 in
215 1372 368 1470 syllabis
394 1371 657 1465 perpendendis
687 1371 929 1467 diligentiam,
966 1396 1058 1467 quae
1078 1367 1186 1443 hodie
1311 1406 1315 1415 ·

51 1479 133 1546 unice
143 1477 179 1545 in
192 1476 314 1569 pretio
333 1486 385 1545 est
395 1475 490 1568 apud
507 1496 567 1544 eos
585 1473 650 1569 qui
665 1496 701 1542 se
720 1473 856 1568 aliquid
873 1498 947 1544 esse
957 1475 1095 1562 volunt,
1110 1500 1186 1546 non
1221 1556 1223 1565 Ι

8 1588 10 1663 ζ
54 1577 90 1648 ita
99 1590 237 1653 sectatus
253 1591 324 1664 est,
352 1590 393 1648 ut
407 1599 550 1647 omnem
564 1574 747 1646 seientiam
764 1577 803 1645 in
816 1601 856 1646 ea
869 1578 1061 1647 exercenda
1079 1592 1185 1672 atque
1294 1618 1296 1627 ι

8 1724 9 1739 ι
51 1676 289 1772 iufragmentis
310 1692 471 1750 veterum
487 1693 596 1774 atque
612 1679 846 1748 obscurorum
864 1690 1050 1749 auctorum
1064 1704 1186 1749 emen-

52 1782 153 1852 dandis
163 1784 320 1877 positam
335 1805 409 1851 esse
419 1781 602 1867 sudtcaret,
626 1804 742 1876 neque
757 1795 875 1851 tamen
889 1781 989 1850 illam
1006 1781 1185 1872 antigno-
1230 1824 1242 1855 ι

52 1885 137 1971 ravit,
166 1898 229 1956 aut
245 1907 397 1979 prorsus
417 1883 587 1985 neglexit,
618 1883 713 1952 sed
701 1896 807 1971 mter
819 1882 1002 1954 doctrinae
1025 1883 1185 1955 subsidia

8 1941 169 2091 habuit,
195 2012 262 2057 nee
287 2010 398 2057 unam
412 1976 556 2081 quidem
571 1961 836 2077 portiunculam
852 2009 918 2078 pro
933 1997 1006 2056 tota
1019 1986 1185 2056 excolen-

8 2058 113 2157 dan
131 2043 198 2161 sihi
211 2089 420 2182 proposuit,
448 2112 514 2157 nec
533 2087 736 2158 ostentandi
759 2110 862 2158 eausa
878 2088 1031 2158 aliorum
1044 2113 1184 2160 errores

8 2180 178 2262 smdiose
198 2206 407 2285 persecutus
427 2202 490 2264 est.
549 2186 633 2260 Nou
655 2190 751 2258 euim
775 2190 946 2309 quiequid
967 2189 1047 2259 aliis
1065 2192 1184 2289 detre-
1231 2268 1234 2275 ,

51 2285 115 2362 here
129 2295 299 2386 potuisset
323 2293 393 2363 sibi
411 2291 584 2369 continuo
605 2292 768 2363 additum
790 2291 1018 2379 existimavit,
1053 2318 1117 2365 nec
1143 2294 1182 2364 in

7 2340 9 2415 l
7 2396 215 2519 malignam
243 2395 506 2466 cavillationem
534 2392 614 2464 viro
640 2394 781 2465 liberali
806 2347 1090 2485 indignissimam
1113 2421 1185 2467 un·
1195 2378 1201 2389 ⁸

7 2480 9 2587 i
51 2500 312 2618 quamdelapsus
326 2511 390 2571 est.
438 2493 605 2591 Aequum
620 2495 754 2566 scilicet
770 2497 933 2568 criticum
947 2497 1090 2586 egebat,
1120 2498 1184 2593 qui

7 2600 202 2670 neminem
216 2601 293 2673 suis
308 2599 475 2670 laudibus
492 2599 632 2692 privare
646 2598 784 2684 voluit,
809 2612 871 2673 aut
882 2600 1082 2693 aequalium
1099 2625 1183 2670 suo-

7 2726 8 2771 ι
52 2703 246 2773 mmiamam
263 2702 440 2773 malevole
453 2726 494 2771 ac
509 2713 599 2773 tecte
612 2702 767 2776 laedere
817 2699 930 2791 Igitur
946 2703 991 2771 ad
994 2702 1184 2799 digladia
1211 2708 1215 2717 '

7 2810 8 2835 ¹
53 2802 140 2873 tiones
154 2807 238 2876 istas
246 2804 392 2876 'criticas
394 2827 506 2898 ,quae
521 2826 598 2874 rem
612 2803 808 2874 literarium
825 2771 1070 2890 dehonestant,
1088 2829 1182 2877 nun
1257 2840 1262 2861 ι

7 2958 8 2963 1
52 2902 376 2996 quasndescendit5
365 2930 405 2975 ιιι
420 2901 611 2999 phrasibus
626 2931 667 2976 ac
680 2906 863 2981 sententiis
878 2907 1156 2998 expediendis,
1142 2932 1182 2977 1n

51 3008 232 3102 antiquitate
263 3008 491 3102 explicanda,
522 3008 562 3078 in
593 3021 737 3101 poetae,
770 3033 877 3103 quem
910 3009 983 3078 sibi
1004 3011 1183 3080 edendum

52 3128 212 3199 sumserat,
244 3126 368 3182 mente.
393 3125 514 3229 atque
520 3098 668 3180 consilio
690 3110 922 3195 illustrando,
952 3111 993 3179 in
1022 3125 1182 3183 veterum

51 3206 122 3297 uta,
149 3216 330 3299 moribus,
362 3210 532 3284 institutis
559 3213 822 3300 describendis,
852 3212 936 3285 satis
957 3208 1090 3303 largam
1114 3208 1183 3284 sibi

52 3317 205 3388 materiem
225 3315 387 3401 invenit,
418 3339 527 3409 quam
543 3337 667 3402 nemo,
699 3316 777 3385 nisi
786 3340 866 3387 cum
878 3316 998 3385 fructu
1014 3317 1181 3389 consulet.

52 3408 149 3511 ltaque
168 3421 317 3490 labores
326 3419 426 3503 eius,
460 3429 503 3488 ut
522 3441 589 3510 par
609 3430 702 3504 erat,
735 3442 864 3510 magno
887 3417 1073 3488 doctorum
1093 3440 1182 3488 con-

7 3522 9 3549 *
53 3536 135 3590 sensu
156 3537 237 3594 sunt
257 3519 463 3640 approbati,
493 3518 639 3614 ipseque
667 3520 761 3590 inter
789 3520 953 3613 aequales
977 3543 1078 3607 suos,
1106 3544 1182 3593 non

7 3674 9 3691 .
53 3624 290 3707 spernemus
254 3648 365 3709 varos,
388 3623 508 3713 magni
521 3645 659 3716 semper
670 3618 815 3692 habitus
827 3634 888 3707 est,
903 3647 1057 3723 quorum
1073 3648 1182 3717 quae-

7 3720 8 3723 ’
54 3719 116 3791 dam
135 3727 332 3797 testimonia
352 3748 442 3818 quae
466 3727 641 3796 secundae
656 3721 825 3820 Aeschyli
840 3716 1010 3810 editioni,
1034 3723 1181 3796 aStan-

54 3816 106 3891 leio
126 3830 329 3915 adornatae,
365 3826 632 3898 illustrandae
620 3827 837 3913 inserviant,
868 3851 911 3897 ex
932 3828 1043 3921 ipsius
1064 3825 1181 3898 MStis

55 3913 96 3993 hit
108 3930 248 4011 afferre
236 3956 278 4003 ιιι
292 3956 371 4003 rem
384 3929 462 4003 erit.
