2686 4836
156 201 216 259 m
588 178 893 259 mmo.

155 347 1146 457 eniminboegenereleueuetateprudiillimatiuset
1164 346 1316 461 elegun-

156 456 243 540 tius.
309 460 457 536 Debent
476 460 592 563 tibiq
679 470 742 533 uot
762 459 964 541 literarum,
973 460 1192 563 politiorum
1211 468 1317 543 unii-

88 640 92 653 ,
153 589 180 665 q
300 589 318 637 e
340 564 547 665 sapientiae
574 573 635 636 stu
671 563 696 581 '⁰
743 574 932 637 censentur
963 574 1111 637 tantum
1133 580 1333 668 (petentum¹

153 691 222 739 eas
261 664 376 739 vendo
388 693 464 739 non
481 674 581 740 sunt.
638 662 750 741 Nam
764 675 799 738 et
812 675 942 767 paetue
954 665 1214 741 obscurissimi
1223 670 1318 745 loeis

153 762 314 871 infinitis
326 769 455 872 saoem
476 766 722 870 praeluxisti,
757 778 791 840 et
807 767 1149 942 plurimaszuibus
1171 771 1318 847 obsitus

152 881 233 943 erar
252 868 357 945 labes
369 872 406 944 ei
423 869 647 955 abstersisti,
679 893 724 941 ne
737 895 835 942 nune
851 867 974 942 dicam
1051 870 1248 973 interprete
1258 903 1319 948 ue-

150 982 267 1057 tusto,
296 999 402 1075 quem
419 971 588 1073 princeps
604 970 825 1073 publicasti‚
856 998 938 1044 eum
957 999 1098 1069 magno
1111 976 1168 1047 rei
1180 974 1333 1050 literas

151 1074 231 1147 riae
243 1073 391 1176 fructu.
442 1074 545 1149 Hine
562 1072 678 1146 simul
699 1099 745 1146 ac
762 1074 973 1174 scriptorem
991 1074 1102 1151 illum
1111 1090 1333 1177 praestan-1

148 1172 435 1250 tissimumeidi
452 1186 485 1251 et
504 1174 636 1261 evolvi,
667 1184 700 1247 te
720 1201 849 1248 amare
867 1178 969 1277 coepi
986 1187 1019 1249 et
1032 1180 1317 1281 magnifacere,

148 1273 333 1381 buiusque
349 1279 422 1350 mei
442 1278 483 1351 in
501 1288 536 1351 te
556 1273 678 1351 studii
692 1303 738 1350 ac
750 1278 954 1351 uoluntatis
968 1278 1198 1380 interpretem
1212 1278 1274 1357 ad
1284 1297 1318 1356 te

147 1379 326 1478 ablegari
349 1392 437 1454 ante
463 1376 534 1455 bos
562 1379 670 1453 binos
698 1406 820 1455 annos
845 1406 964 1452 meum
985 1380 1193 1456 Hesiodum
1199 1414 1216 1465 ς
1250 1384 1321 1459 sed

147 1495 310 1579 eventum
332 1509 406 1555 non
430 1476 658 1604 respondisse
675 1482 873 1554 meisootis
894 1508 939 1555 ao
955 1482 1144 1556 voluntati
1157 1512 1236 1559 non
1259 1491 1317 1560 ita

144 1582 289 1687 pridem
317 1610 365 1658 ea·
392 1580 599 1661 doaasimt
616 1581 760 1657 Meriai
775 1583 896 1656 literis
918 1586 1091 1682 cognoui;
1125 1585 1184 1660 ad
1212 1586 1317 1665 leuno

146 1690 244 1759 enim
260 1713 326 1789 per
347 1700 493 1763 nostros
516 1700 718 1788 vestrosque
741 1684 969 1786 bibliopolas
983 1688 1113 1760 curari
1126 1690 1316 1765 iusseram

138 1788 381 1892 fasciculum,
407 1792 448 1863 in
463 1816 568 1892 quern
582 1789 728 1890 aliquot
741 1786 902 1860 Hesiodi
913 1813 1014 1860 exem
1042 1788 1083 1861 lo
1098 1804 1208 1864 erant
1225 1821 1317 1868 con·

27 1966 31 1971 ,
146 1893 255 1977 ieeta,
312 1893 354 1965 ui
368 1893 487 1965 nescio
506 1886 661 1995 quorum
683 1886 876 1964 bominum
897 1815 1057 1990 perfidia
1073 1892 1317 1971 interciderit.

144 1993 259 2070 Nune
280 1920 368 2068 butt
394 2019 488 2097 quae
509 1993 662 2095 inopino
684 2018 723 2066 se
745 1991 830 2077 dat,
868 1994 1056 2066 occasioni
1076 1996 1316 2072 seruiendum

144 2097 377 2205 existiman&
409 2123 499 2169 nam
517 2120 597 2171 eam
616 2092 673 2169 ad
692 2120 754 2169 vos
776 2092 970 2168 contendat
987 2096 1130 2170 iuuenis
1143 2098 1317 2199 insignis

143 2199 311 2274 Ioannes
329 2193 506 2285 Grauius,
541 2198 639 2274 ΠΙ.
652 2195 708 2276 D.
729 2192 944 2285 Abrabami
962 2196 1140 2273 Hoidani
1159 2199 1315 2277 theolo-

142 2302 235 2424 giae
253 2301 478 2478 prywsoru
510 2302 550 2374 in
574 2298 768 2373 academia
793 2295 1048 2397 Lugdunenii
1073 2302 1333 2380 excellentis·

142 2430 288 2478 semeae
327 2404 537 2477 isertissimi
548 2399 690 2500 eofilio
706 2429 833 2503 nepos,
859 2401 927 2503 qui
946 2413 980 2473 te
994 2403 1071 2474 iam
1085 2403 1234 2504 pridem
1251 2424 1333 2482 eo:

86 2572 96 2577 -
143 2506 236 2580 litet
256 2505 488 2593 admiratur,
525 2531 717 2610 coramque
746 2504 914 2578 uenerari
939 2501 1143 2592 desiderat,
1185 2508 1315 2585 luera

142 2610 254 2683 etiam
289 2609 528 2711 politioribus
556 2614 751 2681 strenuam'
778 2604 845 2679 diu
877 2605 1030 2679 navavit
1057 2634 1228 2709 operam,
1279 2627 1314 2686 et

142 2711 254 2785 etiam
287 2738 385 2786 nuno
415 2724 548 2798 narat,
585 2711 664 2787 eius
683 2702 784 2807 fidei
813 2708 984 2782 commisi
1008 2706 1125 2782 aliud
1143 2713 1333 2807 Hesiodi

140 2813 331 2914 exemplar
342 2816 413 2887 tibi
428 2810 667 2896 tradendum,
693 2815 796 2884 euius
816 2809 939 2883 adieci
950 2806 1123 2886 Luciani
1136 2811 1315 2892 Pseudo!

139 2912 347 3017 sophistam
370 2904 410 2989 in
436 2943 542 3020 quem
566 2911 930 2987 animaduersionum
951 2923 983 2985 et
1004 2925 1179 2988 notorum
1204 2946 1313 2994 non-

139 3016 244 3095 nibil
264 3020 495 3119 scripseram.
567 3015 802 3089 Erubeseunt
825 3012 971 3117 quidem
998 3010 1045 3086 bi
1071 3015 1198 3092 libelli
1221 3035 1312 3101 tuos

138 3122 262 3195 subire
274 3120 419 3202 oculos;
443 3112 511 3195 sed
521 3119 632 3193 missi
645 3118 726 3191 olio
739 3119 885 3191 nomine
900 3145 974 3190 non
992 3129 1081 3190 sunt
1089 3174 1100 3206 ,
1122 3148 1243 3224 quam
1268 3141 1312 3203 ut
1332 3122 1333 3133 ’

139 3223 292 3298 editoris
308 3221 473 3297 studium
487 3224 692 3324 cultumque
707 3247 780 3322 quo
798 3232 832 3292 te
844 3219 1099 3321 prosequitur,
1124 3235 1310 3304 testatum
1332 3234 1333 3245 ’

130 3326 294 3428 faciam.
359 3325 409 3401 Si
428 3326 622 3427 prolixam
648 3324 758 3396 etiam
786 3323 865 3395 eius
893 3322 1119 3396 uoluntatem
1147 3325 1241 3403 bene
1263 3332 1313 3410 dg

134 3429 341 3529 praeclaris
356 3429 502 3502 artibus
516 3423 831 3501 nostris'merendi
843 3423 915 3496 tibi
924 3424 1179 3524 probaverint,
1198 3434 1312 3534 sun.

137 3542 212 3607 etos
225 3558 263 3605 se
279 3527 422 3634 officio,
454 3544 486 3607 et
497 3530 695 3630 auspicato
708 3529 786 3600 iam
803 3530 843 3599 in
864 3526 977 3599 lucem
986 3527 1172 3627 prodiisse
1182 3551 1311 3634 puta-

135 3634 238 3712 bunt.
298 3634 370 3707 Sin
394 3659 475 3708 uero
490 3645 523 3707 et
544 3645 647 3705 tuam
663 3630 947 3704 benevolentiam
961 3632 996 3702 ei
1004 3655 1217 3729 promovere
1230 3668 1310 3741 po-

135 3745 273 3819 terunt,
299 3748 376 3808 tum
391 3762 472 3810 vero
487 3763 561 3810 non
575 3733 696 3808 solum
711 3758 791 3839 spe,⁸
813 3729 882 3805 sed
894 3743 926 3803 et
938 3733 1031 3805 ootis
1044 3736 1194 3809 maiora
1212 3767 1310 3816 con.

133 3828 336 3940 sequentur.
388 3838 441 3911 In
453 3838 615 3913 Homero
631 3832 843 3911 recensendo
857 3860 954 3908 nuno
970 3847 1068 3910 totus
1085 3863 1187 3913 eram
1195 3870 1212 3919 ‚·
1234 3846 1314 3919 sed

134 3968 190 4014 me
218 3938 457 4015 retardarunt
480 3939 681 4024 Elaeoirii,
720 3938 790 4040 qui
818 3934 1005 4010 tundendo
1035 3935 1233 4043 effecerunt
1263 3964 1333 4033 ut

131 4071 268 4145 passus
284 4045 356 4117 sim
368 4040 467 4116 mibi
482 4046 533 4117 im
559 4042 625 4116 oni
636 4068 727 4141 opus
744 4038 952 4113 recensendi
961 4036 1165 4130 Ciceronis,
1191 4051 1308 4126 cuius

135 4145 327 4219 editionem
344 4174 476 4220 novam
490 4174 515 4220 a
567 4154 691 4217 rnant.
740 4140 796 4216 Id
806 4168 904 4216 nune
915 4141 1055 4228 studeo,
1071 4171 1117 4218 ne
1131 4148 1308 4227 manen.

135 4248 262 4327 datior
283 4251 333 4322 sit
353 4249 447 4324 aliis
460 4274 555 4350 quae
575 4243 734 4321 antebac
745 4243 979 4347 prodierunt,
1011 4259 1043 4322 et
1059 4260 1100 4322 ut
1116 4250 1308 4359 ιἠιιφῃ-
