2674 4836
110 257 511 369 fflnonmonns
535 260 587 361 ru
611 259 985 343 PROMETHEUM.
1036 280 1149 375 men

85 434 125 500 V.
138 435 211 501 898.
230 388 525 521 quodmultotum
541 434 620 501 tulit
632 438 873 517 assensionem,
895 439 1047 506 Scirutzii
1060 442 1151 527 μέγα,

15 517 250 607 explodendum
273 533 326 586 est
348 542 417 586 non
447 540 513 586 nna
534 521 577 586 dc
600 540 724 587 caussa.
776 523 854 589 Sola
876 538 1150 609 superstructum
1254 550 1258 569 t

16 619 57 671 est
73 603 212 669 Aldinae
235 611 405 695 scriptura
424 606 572 693 peydnn,
594 627 680 690 quae
701 624 800 690 quam
821 612 867 673 sit
880 607 1051 676 infirmum
1065 612 1150 676 iun-

20 691 190 755 danentum
212 700 289 755 tum
310 711 355 755 ex
381 695 477 757 tenui
504 672 599 756 illius
620 691 699 755 libri
722 697 925 758 auctoritate
947 695 1151 783 intelligitur

21 786 74 839 tour
95 795 154 839 ex.
169 774 378 840 relicuomm
408 778 564 841 codicum
590 774 749 841 simulet
777 780 976 842 scholiastae
999 801 1150 847 consen-

19 861 111 939 dune,
133 863 192 941 qui
211 871 355 937 tuentur
374 858 474 949 γάμῳ.
518 860 691 924 Praeterea
714 863 836 926 mltum
850 874 1010 949 quantuni
1023 864 1151 931 inirin-

14 946 86 1030 gimr
105 948 158 1012 vis
180 948 395 1010 sententiaez'
406 944 516 1010 molto
529 948 619 1010 eninr
635 944 757 1010 fortius
773 959 824 1011 est
840 950 1037 1031 decrepitae
1049 969 1150 1035 quam

12 1028 76 1112 aar·
92 1029 303 1111 δαπτομέναν.
360 1030 515 1115 Denique
536 1050 605 1094 non
626 1041 736 1118 potest
760 1034 800 1095 ab
822 1032 943 1098 buruni
966 1037 1150 1102 verborum
1194 1106 1196 1119 Ι

12 1113 202 1180 iodimtiom
224 1116 375 1200 seiungi,
410 1116 502 1199 quod
531 1119 683 1199 sequitur
703 1120 863 1202 proximo
883 1140 1000 1195 versu,
1033 1119 1147 1186 πόνων.
1191 1128 1195 1157 ’

123 1199 235 1285 quunt'
260 1221 324 1264 nec
351 1202 554 1265 sententiam
583 1221 645 1263 nee
666 1211 870 1266 structuram
897 1210 1148 1288 grammaticam

10 1304 30 1371 p
78 1304 127 1346 am
156 1286 318 1365 baberet,
350 1288 476 1371 insigni
505 1282 641 1349 levitate
667 1287 709 1347 ab
737 1285 927 1354 editoribus
946 1291 1148 1372 quibusdam

9 1386 136 1515 prorsus
158 1381 212 1433 est
235 1382 456 1454 expunctum,
477 1388 540 1432 nec
560 1366 665 1434 adven
693 1369 814 1447 solum,
837 1375 897 1436 sed
919 1378 1018 1436 etiam
1038 1372 1151 1457 ydpeni‘

57 1452 194 1540 stropha
217 1477 248 1520 a.
263 1455 334 1517 892.
377 1452 456 1518 Non
480 1462 531 1517 cst
554 1466 665 1519 autem
688 1453 777 1538 negli
801 1457 944 1533 endum,
965 1462 1000 1521 in
1024 1459 1148 1523 Aldina

9 1532 63 1623 legi
82 1536 118 1604 δ’
137 1532 336 1620 ἁπτομένην,
374 1541 418 1601 in·
432 1544 638 1606 uno'autem
660 1478 887 1607 Vantilliersii
910 1544 1028 1607 codice
1048 1541 1149 1628 γάμοι

1 1640 80 1705 quae
97 1622 157 1688 ubi
178 1635 273 1688 recte
295 1624 530 1706 coniunxerit,
553 1627 729 1713 pristinam
751 1622 875 1692 borum
895 1646 1055 1694 versuum
1069 1627 1147 1693 ior-

9 1725 83 1773 uam
101 1704 194 1772 hanc
212 1705 336 1772 babes:

143 1792 241 1863 ancili
258 1790 315 1864 γὰρ
329 1786 520 1864 ἀστεργᾶνορα
539 1795 698 1862 παρθενίαν

143 1875 278 1954 oloepeio’
294 1876 365 1939 Ἰοῦς
383 1874 504 1951 γάμον
525 1872 742 1952 ἀπ’τομίνκν
790 1880 795 1891 ’

143 1957 317 2024 δοσπλᾶνοις
327 1958 416 2037 Ἤρας
431 1960 571 2025 dlortlntc
587 1958 693 2017 πόνων.
777 1991 779 1995 .
842 1974 845 1981 ’

13 2026 169 2096 hiantia
191 2035 274 2097 haec
296 2042 347 2097 est
355 2042 366 2113 5
393 2033 661 2111 modicatur,
691 2031 783 2115 quod
802 2034 925 2096 attinet
944 2032 987 2096 ad
1010 2054 1052 2098 nu
1080 2036 1145 2100 tias

11 2118 161 2181 tennione
176 2117 255 2183 suas
268 2114 417 2201 (γάμον),
437 2115 747 2201 ο]]ἰςοῒι,,εεῑοίσία
769 2134 845 2182 ease
867 2120 1023 2192 miseriis,
1088 2142 1145 2183 tn·

8 2199 73 2279 pire
90 2200 196 2267 adem
216 2201 250 2264 b.
272 2222 299 2266 e.
322 2222 408 2266 nexa
432 2222 451 2265 e
472 2204 634 2268 miseriisr
654 2203 773 2267 eodem
795 2204 1015 2290 comparandi
1038 2222 1145 2289 gene·
1248 2258 1250 2265 .

10 2304 55 2362 ra,
70 2306 135 2370 qao
147 2307 177 2347 v.
190 2285 265 2350 680.
289 2284 332 2349 da
354 2286 469 2350 eadent
491 2288 700 2372 repositum
724 2299 775 2350 est
796 2297 951 2370 πημοναῖς
970 2289 1145 2371 ἓνεζουγμί-
1166 2360 1168 2367 ,

10 2393 66 2448 nr,
85 2383 118 2435 et
138 2369 184 2435 de
205 2369 412 2435 Brometheo
433 2368 581 2455 ἀνόμοις
599 2364 816 2454 ὕοιζιογμένοο
828 2395 857 2436 v.
874 2375 965 2453 108,
985 2373 1070 2439 vela
1095 2374 1153 2440 ud*

9 2453 197 2541 Sophoclem
227 2450 337 2539 γᾶμων
362 2456 504 2538 ἐνέδησεν
530 2452 610 2546 deq,
653 2455 739 2522 Oed.
769 2454 840 2522 Col.
862 2457 933 2521 517.
943 2504 954 2535 ,
996 2470 1035 2520 ut
1070 2395 1145 2522 fio·

9 2542 113 2613 nerim
133 2544 314 2607 mittantur
334 2539 536 2628 pervulgata.
578 2566 617 2620 με
638 2540 767 2629 syllaba
789 2543 976 2629 scripturae
997 2540 1144 2609 Aldinae

10 2636 69 2687 crta
88 2634 139 2689 cst
163 2645 206 2689 ex
227 2630 271 2705 μο
291 2628 532 2689 terminatione
555 2630 781 2714 suprascripta
802 2624 859 2688 iila
881 2623 974 2712 γάμῳ
998 2626 1119 2692 dativo.
1173 2620 1178 2635 '

74 2710 310 2782 nico-905.
351 2707 594 2774 Difficillimam
621 2708 707 2773 hanc
728 2711 921 2796 tragoediae
941 2711 1166 2795 particulam*

11 2792 263 2880 redintegraturo
283 2796 467 2858 tenendum
491 2793 557 2858 boc
579 2805 648 2873 est,
685 2815 785 2859 omne
809 2796 875 2858 itoc
897 2815 1030 2859 carmen
1054 2798 1141 2860 cho-

11 2878 98 2941 o'mrn
117 2881 313 2943 necessario
335 2898 409 2948 esse
433 2877 725 2965 antistrophicum.
790 2877 923 2943 Etenim
946 2900 1048 2963 quum
1074 2882 1142 2946 duo

9 2964 79 3041 tint,
98 2984 141 3026 ax
162 2963 286 3047 quibus
308 2974 441 3028 certum
461 2963 622 3029 iudicium
646 2964 703 3026 fiat
725 2961 767 3028 de
789 2966 995 3028 carminibus
1015 2986 1083 3029 non
1099 2966 1141 3030 ali

8 3050 147 3113 maeno
175 3048 284 3112 choro
315 3051 459 3113 iunctim
487 3054 647 3128 cantatis,
683 3060 741 3111 aut
769 3053 928 3135 repetitio
956 3050 1142 3116 earundem

8 3135 249 3211 mundarum,
270 3144 329 3196 aut
351 3134 560 3201 diversarum
581 3137 819 3220 repugnantia:
839 3146 910 3196 tum
926 3134 989 3197 hac
1003 3136 1142 3217 quidem
1167 3180 1169 3183 -

7 3217 219 3297 nummula,
240 3236 325 3303 qnae
347 3227 400 3282 est
420 3237 439 3281 a
461 3241 491 3286 n.
506 3221 577 3282 900.
599 3220 640 3281 ad
664 3219 753 3296 908,
775 3216 862 3281 nibil
883 3218 954 3282 iere
970 3218 1141 3305 prolatum

8 3300 102 3380 rides,
137 3302 229 3386 quod
261 3321 329 3368 non
361 3306 475 3391 priore
504 3302 566 3367 illo
593 3307 740 3368 carmine
762 3308 807 3385 (v.
825 3304 1038 3386 tto-899.)
1056 3309 1141 3369 itent

10 3387 271 3469 comprehensum
304 3391 359 3452 sit.
415 3386 501 3452 Nam
523 3407 608 3469 quae
636 3391 670 3451 in
693 3392 809 3476 priore
830 3385 970 3475 stropha
995 3388 1141 3453 effertur
1230 3394 1256 3448 ss

9 3474 180 3551 nuptiarum
217 3472 464 3536 commendatio
499 3470 705 3557 aequalium,
742 3471 857 3536 eadem
894 3474 949 3535 bic
979 3475 1069 3536 redit
1097 3478 1139 3539 ab

11 3554 104 3633 britio3
131 3556 222 3635 quod
244 3568 355 3619 autem
384 3560 418 3619 in
444 3557 655 3644 antistropha
678 3559 765 3623 loris
786 3553 972 3620 aliorumve
995 3558 1169 3633 deorum,

13 3635 198 3705 dtttstamm
218 3661 385 3719 amorem,
407 3643 442 3705 id
466 3639 523 3706 iric
544 3641 580 3706 fit
602 3645 714 3708 verbis
729 3643 809 3723 μηδὲ
823 3638 1009 3725 κρεισσόνωο
1022 3665 1047 3707 e.
1064 3666 1093 3727 q.
1111 3666 1137 3709 e.

12 3716 99 3805 frgn,
125 3727 396 3810 quandoquidem
420 3724 758 3792 nuliumhiclocum
782 3728 1067 3807 canenchein,
1099 3743 1138 3794 ut
1227 3764 1231 3775 .

11 3805 133 3889 singuiis
153 3813 309 3896 personis
331 3813 554 3875 distribuatur
577 3816 705 3895 oratio,
734 3814 971 3893 consequitur,
1002 3831 1069 3875 non
1093 3814 1136 3876 ad
1218 3812 1221 3817 ’

11 3893 121 3955 uidem
143 3895 237 3959 chori
259 3914 424 3982 personas
444 3916 545 3983 posse
568 3897 666 3970 haec,
689 3897 731 3960 dc
753 3899 875 3982 quibus
887 3900 1034 3980 agimus,
1054 3920 1136 3985 per·-

11 3974 118 4055 tinere,
145 3982 306 4062 aquibus
325 3983 439 4068 priora
462 3978 519 4043 illa
542 3985 585 4060 (v.
600 3984 671 4044 886.
689 3990 776 4063 sqq.)
800 3990 936 4044 cantata'
950 3994 1047 4061 sunt,
1076 3984 1136 4047 scd

11 4054 91 4122 alteri
108 4062 317 4128 bemicirorin
338 4084 413 4129 esse
436 4064 523 4128 hanc
535 4076 685 4151 partem,
705 4067 928 4130 alteriautem
943 4069 1135 4129 attribuen-

12 4140 72 4204 ὑπ’
90 4150 256 4234 priorem.¹
285 4148 382 4233 Quae
393 4169 495 4232 quurn
512 4151 691 4216 manifesto
706 4155 750 4215 sit
766 4150 1020 4234 antistropbica,
1043 4150 1136 4216 idern

15 4225 111 4294 oedne
137 4237 169 4295 in
197 4255 246 4296 vv.
268 4236 342 4297 900.
362 4254 432 4319 sqq.
463 4233 570 4299 debet.
633 4235 807 4299 Praeterea
841 4236 1028 4319 reputanda
1050 4235 1136 4304 haec

16 4323 83 4374 Mt
120 4316 250 4415 Nonio
274 4321 423 4386 numeris
442 4314 554 4386 solum
568 4332 601 4387 et
615 4319 758 4409 singulis
777 4316 975 4404 quibusdam
989 4322 1133 4409 pedibus
