2686 4836
65 345 119 417 ·,
203 280 898 440 amnemamnem,
937 329 1262 430 mmm

102 441 284 527 sublatis,
323 453 358 515 et
387 441 592 517 carminum
618 441 762 513 ratione
783 449 871 512 tunc
895 437 1059 538 primum
1085 435 1263 538 proditas

105 543 270 644 vulgavit
286 540 499 618 Gulielmus
511 536 698 618 Canterus
712 538 933 641 Antverpiae
953 566 1057 614 anno
1073 540 1186 623 1580.

203 694 394 771 Hactenus
417 695 461 770 de
481 694 703 770 editionibus
717 691 883 769 Graccis.
936 690 1052 793 Quod
1067 692 1127 767 ad
1145 696 1264 768 inter-
1306 724 1307 755 c

83 862 88 887 ,
102 799 343 900 pretationem
360 797 547 873 Latinam
563 808 721 899 spectat,
751 792 933 894 Aeschyli
947 794 1162 895 tragoedias
1172 794 1266 872 La-

105 901 251 975 tinitate
272 900 424 975 donavit
438 901 605 976 Ioannes
619 899 908 974 Sauromonnus
923 925 970 973 ex
984 896 1140 1000 officina
1157 896 1267 1002 Opo-

106 1005 202 1084 rini,·
233 1004 272 1076 si
291 1002 401 1079 modo
421 1003 671 1104 interpretatio
686 980 842 1075 dicenda
868 1012 938 1091 est,
971 1004 1013 1074 in
1025 1027 1102 1103 qua
1118 1002 1186 1077 oia
1202 1003 1267 1076 ul-
1295 986 1301 1005 ¹

104 1104 180 1178 libi
193 1107 554 1207 reperiatursensus;
576 1130 681 1178 nemo
719 1105 760 1177 ui
775 1104 902 1202 legerit
918 1100 1010 1176 dicet
1025 1129 1138 1177 secus.
1164 1102 1268 1181 Pro·

105 1204 284 1283 metheum
330 1219 430 1282 osten
453 1206 655 1282 Mattheus
713 1206 897 1294 urbitius,
936 1207 1102 1279 oratione
1123 1206 1270 1299 soluta,
1314 1256 1316 1305 p

105 1310 277 1411 Septem·
317 1306 506 1408 {cebanum
526 1309 628 1409 stylo
652 1310 761 1383 ceteri
781 1308 924 1407 tragico
944 1307 1148 1411 Septimiae
1164 1307 1269 1386 Flo-

108 1439 191 1485 rens
203 1407 449 1487 Christianus
453 1413 673 1516 felicissime
687 1409 872 1492 reddidit;
902 1406 998 1482 idem
1016 1412 1127 1484 ctiam
1141 1410 1270 1487 eodem
1317 1432 1320 1505 t

106 1513 207 1614 stylo
220 1511 474 1589 Prometheum
489 1514 708 1589 Desmotam
727 1511 956 1597 reddiderat,
982 1525 1022 1585 ut
1034 1525 1067 1586 et
1078 1511 1271 1616 Iosephus
1319 1510 1320 1529 ¹

107 1616 278 1714 Scaliger
292 1616 530 1705 Eumenides,
553 1618 657 1717 cuius
668 1616 833 1695 meminit
848 1616 888 1688 in
901 1613 1110 1693 Varronem
1120 1643 1158 1717 p.
1168 1623 1271 1705 1¹1„

85 1731 238 1793 ⁴neutra
253 1731 391 1810 tamen,
413 1716 660 1823 quodsciom‚
694 1719 809 1792 lucem
829 1716 931 1791 cidit.
981 1714 1273 1819 interpretatio-

109 1847 190 1895 nem
202 1818 379 1922 Aeschyli
398 1821 727 1998 kaggrediebatur,
757 1832 938 1922 quantum
957 1846 1004 1893 ex
1018 1820 1175 1921 epistola
1188 1825 1272 1898 eius

108 1923 166 1997 ad
192 1922 375 1998 Ioannem
434 1928 606 2025 porinum
630 1922 810 2027 Sophocli
840 1951 865 1997 a
877 1921 969 2019 fisa
1004 1925 1177 1997 coniicere
1203 1939 1271 2012 est,

108 2023 327 2101 Ioachimus
343 2023 604 2130 Camerarius]
621 2029 773 2102 molitus
786 2037 837 2099 est
883 2016 1057 2099 uliclmus
1069 2021 1271 2125 Canterus,

106 2142 216 2232 prout
239 2127 726 2227 inProlegomems‘monek
764 2140 807 2203 at
830 2140 950 2228 coepto
971 2126 1109 2232 defuit,
1140 2142 1272 2217 morte,

109 2233 258 2332 opinor,
281 2227 511 2332 praecentus.
570 2228 793 2332 Aeschylum
806 2232 936 2316 etiam,
958 2244 1042 2332 post
1058 2231 1101 2308 V
1097 2233 1274 2307 ictorium

109 2345 143 2407 ct
160 2333 224 2408 Ste
249 2331 409 2423 honum,
441 2332 542 2409 edere
563 2346 595 2409 et
614 2335 806 2408 illustrare
827 2333 942 2409 voluit
963 2336 1275 2435 oirincompara-

109 2434 201 2509 bilis
215 2361 377 2511 isaacus
389 2431 655 2521 Casaubonus,
689 2438 770 2540 ipso
790 2447 875 2521 teste
892 2434 949 2508 ad
956 2436 1177 2510 Strabonem
1194 2464 1276 2538 pa-

109 2538 214 2635 ginis
233 2542 292 2625 18,
307 2540 458 2622 ee104.,·
477 2539 614 2614 sedvel
627 2536 730 2612 nihil
739 2540 942 2640 praestitit,
971 2538 1029 2610 vel
1047 2539 1149 2641 quod
1157 2567 1276 2641 prac-

111 2642 275 2726 stitcrot,
301 2668 377 2716 non
392 2644 471 2717 nisi
481 2643 694 2742 magnaree‘
710 2641 900 2714 literariae
913 2642 1059 2714 iactura
1073 2642 1277 2717 intercidit.

215 2777 322 2850 Haec
339 2775 382 2850 dc
399 2776 562 2851 aliorum
576 2774 816 2861 edetionibus,
847 2772 890 2847 de
912 2785 1040 2847 nostra
1060 2778 1192 2876 paucis
1206 2805 1276 2851 oc·

113 2877 200 2977 cipe.
250 2877 412 2952 Tectum
425 2875 605 2975 Aeschyli
615 2875 798 2952 Graecum
809 2894 836 2950 'e
848 2873 1082 2951 Canteriona
1104 2877 1278 2971 editione,

113 2974 269 3053 Scholia
280 3006 299 3054 e
310 2980 531 3054 Victoriana
545 2976 829 3081 depromsimus;
853 2993 885 3053 et
907 2979 1056 3082 nequid
1067 2978 1283 3057 desiderari

112 3105 219 3183 posse
238 3079 444 3169 uideatur,¹
465 3083 618 3185 reliquis
649 3109 729 3155 cum
751 3077 986 3156 Canteriona
1011 3082 1180 3167 collatis,
1218 3084 1278 3169 le-

115 3186 251 3258 ctiones
274 3186 481 3272 variantes,
494 3284 503 3291 .
516 3184 713 3286 epistolas,
747 3186 1021 3287 praefationes,
1047 3187 1280 3262 coniecturas

115 3297 149 3360 et
163 3287 431 3363 observationes
449 3290 612 3362 omnium
627 3289 879 3463 exposuimus.
937 3285 1003 3360 Ad
1018 3286 1109 3361 haec
1127 3299 1280 3387 tragoe-

116 3385 205 3461 dias
221 3391 364 3490 priores
382 3417 461 3463 cum
478 3390 621 3465 duobus

119 3517 200 3563 rum
217 3518 313 3565 unus
329 3495 424 3566 inter
435 3491 601 3593 κειμήλια
615 3488 854 3569 Barocciana
873 3495 914 3566 in
926 3490 1148 3568 bibliotheca
1167 3495 1281 3587 (lxo-

119 3594 242 3667 niensi
261 3607 514 3691 conserentur,-
544 3596 702 3669 alterum
726 3621 744 3668 e
768 3593 990 3669 bibliotheca
1013 3594 1280 3670 Arundeliana

119 3698 399 3770 communicavit
426 3725 587 3796 magnus
622 3708 745 3775 noster
775 3695 966 3772 Seldenus.
1037 3696 1184 3773 Peioris
1213 3726 1282 3801 ope

119 3794 364 3873 Scholiastem
381 3799 569 3897 vulgarem
590 3800 629 3871 in
646 3811 718 3872 tres
730 3802 877 3901 primas
890 3799 1104 3898 tragoedias
1118 3802 1283 3904 locuple-

120 3901 303 3983 tavimus5
334 3904 548 4000 posterioris
563 3898 807 3976 Scholiastem
826 3905 946 3976 alium
966 3903 1143 3978 hactenus
1157 3902 1282 3977 inedi-

118 4012 220 4087 tum,
244 3992 500 4078 exhibuimus:
528 4005 715 4077 variantes
734 4005 860 4081 itidem
875 4004 1008 4079 horum
1022 4002 1142 4085 Cadd.
1155 4006 1282 4087 MSS.

122 4103 309 4191 lectiones,
331 4108 413 4182 illis
453 4134 521 4180 uae
536 4132 583 4180 ex
598 4109 786 4207 impressis
801 4107 948 4212 deprom
975 4122 1033 4184 tae
1041 4112 1201 4213 fuerant
1218 4109 1283 4182 in-

121 4210 365 4286 terseruimus.
413 4136 607 4286 hammo
620 4209 818 4298 rationem,
845 4137 1154 4288 ubilhhntere'ana
1173 4210 1290 4291 haud

668 3388 752 3467 odd.
767 3389 892 3467 MSS.
913 3390 1156 3473 contulimus,·
1181 3418 1280 3493 quo-
