2674 4836
184 233 582 313 auuunarmrus
603 235 657 311 ru
671 194 1063 343 'enouaruuuu
1114 218 1195 310 mv

32 408 85 473 lta
109 409 333 474 adamussim
356 380 543 495 respondet
564 409 757 500 strophlco‚
786 431 805 475 a
829 408 1031 480 Wellauero
1053 410 1195 507 demum

32 506 162 559 temere
186 505 364 581 corrupto.

119 610 160 671 V.
183 610 255 673 645.
289 610 421 676 diuersa
444 613 631 698 scriptura,
671 612 891 674 etiamsinon
914 611 1127 698 recipienda,
1160 620 1196 673 at

38 714 118 778 quae
139 698 276 759 exstitit
297 705 411 759 tamen
431 694 529 774 olim,
556 693 654 759 latuit
675 700 709 757 in
733 691 900 759 monto&
922 694 1195 774 Ilobortslliano,

40 782 69 843 t.
84 800 111 844 e
132 775 322 859 mortuae,
344 790 383 841 ut
405 791 457 845 est
478 780 567 843 infra
588 801 618 846 r.
636 775 912 845 wammam-tm.
958 780 1033 845 Vid.
1056 777 1194 845 Fische-

39 886 110 929 rum
132 864 181 926 ad
205 862 312 929 Welt
327 865 376 942 ll,
397 886 429 950 p.
445 867 519 929 428.
539 863 752 928 Brunckiom
774 866 816 928 ad
839 863 973 952 [lippol.
990 868 1085 929 1104.

117 980 159 1041 V.
184 980 258 1044 646.
281 982 310 1043 si
326 983 520 1044 terminatio
532 980 696 1066 probatur
712 983 816 1066 epica,
839 979 1034 1045 asciendum
1056 979 1196 1042 Homeri

34 1061 197 1151 exemplo
211 1068 351 1134 etiami]
370 1077 422 1129 est
442 1062 691 1144 πωλεύμεναι
715 1067 823 1128 verbi:
846 1064 1060 1150 quaaequitle'rn
1085 1061 1196 1127 forma

34 1149 152 1213 eodem
179 1164 280 1236 poeta
301 1152 375 1213 iure
397 1150 581 1233 eademque
599 1153 709 1213 utitur
725 1152 758 1222 vi
772 1163 872 1235 atque
885 1152 1064 1233 elootga'eioe
1077 1171 1107 1214 v.
1126 1152 1195 1213 122
1275 1192 1279 1199 ·

115 1266 161 1327 V.
179 1267 254 1328 656.
276 1261 380 1350 πρός
401 1263 522 1351 πατρὸς
545 1264 739 1330 notandum.

115 1381 161 1444 V.
181 1384 255 1445 678.
276 1386 435 1468 proxime
457 1380 500 1444 ad
521 1402 639 1446 verum
662 1376 792 1444 accedit
810 1379 1007 1466 Spanltamii
1021 1377 1118 1461 ἀκτήν
1137 1381 1195 1461 (ad

35 1462 310 1615 bssabllirerphehzymn.
341 1471 376 1529 in
397 1464 480 1530 Pall.
509 1467 621 1545 aas.)
678 1465 744 1531 Sed
772 1468 884 1553 ipsum
914 1487 1030 1567 verum
1061 1465 1195 1577 videtur

281 1683 424 1753 Λέρνης
440 1677 467 1735 τ’
487 1681 521 1741 ἐς
540 1630 703 1747 ἀκτήν.-

35 1795 206 1863 Pindarns
230 1796 286 1861 01.
301 1790 458 1874 V11,60.:
474 1800 647 1887 ’Λερναίας
668 1798 721 1864 ἀπ’
743 1794 849 1876 ἀκτᾶς.

119 1932 161 1993 V.
179 1932 246 1995 708
259 1950 332 2014 sqq.
382 1929 436 1995 Ad
459 1930 689 2015 expediendos
710 1930 767 1996 lus
781 1946 928 1995 ‘errores
951 1952 1017 2003 oon
1041 1934 1123 1998 satis
1145 1940 1198 2000 etit

1 2073 2 2096 ,
38 2009 195 2079 lacunam
219 2022 322 2079 statui
345 2027 425 2102 post
444 2039 474 2092 lu.
492 2019 563 2080 790.
605 2014 809 2080 Manifestaa
822 2020 912 2103 enirn
926 2030 1099 2102 praeterea
1113 2038 1196 2083 nare

38 2106 184 2165 mnoois
205 2104 326 2164 turbae
347 2110 428 2165 sunt
448 2100 530 2165 inde
550 2116 579 2163 a·
592 2122 620 2163 v.
634 2104 716 2180 716,
739 2105 769 2167 si
788 2114 942 2166 accurate
957 2123 1030 2165 com
1058 2116 1197 2169 arentur

39 2206 66 2250 r.
80 2191 155 2250 733.
172 2188 225 2250 st.
272 2188 320 2248 Ac
342 2206 406 2268 pro
428 2197 522 2267 certo
544 2186 678 2268 quidem
701 2196 736 2249 et
758 2183 937 2272 explorato
958 2186 1021 2249 illu
1067 2187 1197 2251 habeu-

39 2270 115 2332 dum
147 2282 223 2347 est,
262 2274 400 2333 minime
429 2274 463 2332 in
494 2268 645 2334 Caucaso
678 2274 830 2334 vinctum
854 2290 930 2335 csse
958 2271 1198 2335 Prometheum

41 2352 282 2440 Aeschylium,
300 2356 360 2418 sed
381 2358 419 2418 io
437 2356 578 2441 rupibus
593 2354 798 2440 Europaeis,
820 2355 863 2418 ad
884 2359 977 2441 ipsos
994 2357 1091 2419 Asiae
1105 2356 1197 2429 lines.

40 2439 177 2503 Deinde
203 2440 272 2503 hnc
300 2452 353 2503 est
379 2438 581 2513 tenendum,
625 2462 702 2503 eum
730 2460 803 2504 esse
832 2461 861 2506 v.
885 2441 956 2503 758.
994 2443 1198 2511 narrationis
1270 2480 1277 2503 .

40 2544 187 2600 mum,
215 2539 257 2589 ut
278 2523 401 2609 palude
425 2522 596 2591 Maeotide
617 2527 766 2609 separari
787 2525 875 2589 Asia'
888 2533 921 2586 et
943 2523 1079 2610 Europa
1103 2527 1200 2611 cogi·-

41 2622 158 2675 teutur
181 2629 201 2671 a
223 2624 340 2695 poeta:
364 2628 509 2692 quocum
533 2612 689 2674 convenit
715 2609 906 2684 Herodoto,
930 2612 1044 2689 quiin
1068 2610 1199 2673 utrius-

41 2713 107 2776 que
131 2696 287 2763 confinio
309 2691 454 2757 collocat
476 2694 624 2757 Tanaim.
668 2693 795 2756 Eadem
814 2696 917 2779 igitur
939 2690 1035 2777 palus
1052 2693 1198 2761 Maeotis

41 2779 255 2864 significatur
275 2801 304 2841 v.
318 2780 390 2841 769.
413 2777 490 2842 ὅταν
512 2776 650 2865 περάσῃς
669 2776 798 2860 ῥεῖθρον
811 2778 946 2859 ἠπείρων
965 2776 1055 2862 ὅρον,
1075 2782 1198 2861 quibus

43 2866 265 2927 continuatur
277 2866 468 2947 interrupta
490 2886 520 2928 v.
537 2868 609 2928 ast.
627 2866 786 2928 narratio.
811 2904 815 2909 -
832 2861 1095 2926 Summa-autem
1107 2884 1201 2933 nunc

44 2951 225 3033 regionum
246 2951 418 3033 perversio
435 2950 551 3010 oritur
571 2969 630 3024 eo,
653 2948 747 3031 ,quod
767 2951 863 3035 prius
885 2966 986 3028 quam
1006 2960 1200 3034 permeatus

43 3040 88 3097 sit
114 3033 295 3118 Bosporus
318 3030 518 3096 Cimmerius
546 3043 646 3115 atque
670 3033 815 3097 Maeotis
845 3032 960 3119 palus,
999 3032 1042 3095 ad
1069 3032 1201 3098 Cauca-
1241 3040 1244 3047 '

43 3134 117 3180 sum
138 3129 348 3203 perventura
372 3127 406 3181 et
426 3116 614 3181 Amazonas
632 3116 669 3178 lo
683 3115 816 3180 dicitur.
859 3117 913 3180 Ne
931 3120 1007 3200 quis
1029 3129 1140 3180 autem
1162 3121 1199 3181 in

44 3202 248 3267 occidentali
270 3201 420 3287 Bospori
432 3200 606 3266 Cimmerii
629 3214 724 3286 parte
743 3199 930 3287 Caucasum
952 3213 987 3265 et
1002 3199 1201 3267 Colchidem

43 3289 125 3373 poni
143 3290 349 3349 arbitretur:
371 3291 413 3349 ab
436 3286 601 3350 eiusmodi
622 3290 833 3370 ignoratione
845 3289 986 3350 istarum
1001 3306 1115 3350 rerum
1129 3307 1201 3361 non

45 3375 160 3519 potuit
181 3381 283 3458 poeta
306 3392 376 3437 non
397 3369 528 3435 alienus
548 3389 640 3446 esse,
673 3374 731 3453 qui
756 3372 926 3437 verissime
948 3385 1021 3434 tum
1042 3371 1143 3435 Asiae
1166 3381 1201 3437 et

61 3456 206 3542 'uropae
234 3460 399 3518 terminos
427 3457 659 3526 constituerit,
689 3465 762 3518 tom
790 3457 831 3518 ab
854 3454 1002 3520 Caucaso
1024 3455 1202 3522 meridient

47 3556 165 3603 versus
185 3541 375 3605 Amazonas
398 3537 592 3619 collocarit,
628 3560 793 3643 quemque
816 3553 970 3626 apertum
992 3544 1101 3604 estin
1123 3540 1215 3621 Asia,

50 3629 197 3711 cogitare
207 3674 218 3705 ,
259 3646 326 3687 tion
356 3630 391 3686 in
422 3624 559 3710 Europa
588 3627 691 3688 situm
720 3626 908 3689 (iaucasum
935 3637 969 3688 et
991 3621 1201 3696 Colchidem.
1310 3670 1317 3683 .

51 3709 221 3793 Quoniam
241 3724 353 3772 autem
377 3729 462 3792 quae
484 3710 562 3772 aliis
583 3708 625 3772 de
648 3713 773 3774 caussis
792 3720 870 3794 post
890 3731 920 3775 v.
933 3713 1004 3776 790.
1023 3711 1201 3775 statuenda

50 3806 100 3859 est
123 3792 247 3856 houna
269 3794 349 3858 iacit
372 3807 410 3858 ut
431 3796 474 3857 de
495 3813 565 3856 uno
586 3795 713 3857 codicis
736 3792 822 3857 lolio
846 3793 958 3859 lacero
981 3788 1034 3860 vel
1056 3814 1201 3877 quomo-

51 3880 230 3962 docunque
251 3889 417 3964 currupto
440 3877 655 3962 cogitandum
679 3881 723 3942 sit
746 3882 954 3953 necessario,
976 3882 1044 3942 ueri
1067 3891 1202 3944 nonest

52 3965 231 4041 dissimile,
257 3964 370 4028 alieno
390 3968 425 4026 in
448 3960 546 4039 loco,
567 3984 641 4027 cum
664 3962 776 4028 denuo
798 3967 1072 4049 compingeretur
1085 3962 1142 4027 ille
1156 3963 1202 4028 li-

55 4049 128 4124 ber,
148 4053 316 4112 insertum
332 4047 416 4110 illud
432 4047 552 4111 lolium
565 4064 647 4111 esse.
692 4047 730 4108 ln
753 4068 821 4130 quo
835 4052 863 4111 si
883 4052 1126 4133 superscripta
1144 4067 1203 4112 es-

55 4143 143 4213 sent,
171 4154 258 4217 quae
281 4153 374 4196 nuuc
392 4131 552 4219 leguntur
573 4150 592 4195 a
616 4154 642 4193 u.
663 4134 736 4193 716.
757 4131 801 4194 ad
823 4153 853 4197 v.
868 4137 961 4207 727„
995 4128 1204 4216 planissime,

56 4237 118 4299 quo
143 4219 245 4281 modo
273 4239 320 4283 ex
350 4220 492 4301 proprio
522 4213 692 4279 loco'suo
721 4215 790 4281 huc
808 4221 987 4364 potuerint
1013 4215 1204 4297 transferri,

57 4301 259 4390 intelligitur.
305 4301 473 4366 Pristinus
495 4303 599 4387 igitu'r
621 4301 708 4364 ordo
731 4302 788 4367 hic
824 4308 893 4395 uit:¹
