<?xml version="1.0" encoding="UTF-8"?>
<!DOCTYPE html PUBLIC "-//W3C//DTD XHTML 1.0 Transitional//EN"
    "http://www.w3.org/TR/xhtml1/DTD/xhtml1-transitional.dtd">
<html xmlns="http://www.w3.org/1999/xhtml" xml:lang="en" lang="en">
 <head>
  <title>
</title>
<meta http-equiv="Content-Type" content="text/html;charset=utf-8" />
  <meta name='ocr-system' content='tesseract 3.04.00' />
  <meta name='ocr-capabilities' content='ocr_page ocr_carea ocr_par ocr_line ocrx_word'/>
</head>
<body>
  <div class='ocr_page' id='page_1' title='image "apparatuscritic00abregoog_0084.png"; bbox 0 0 2686 4836; ppageno 0'>
   <div class='ocr_carea' id='block_1_1' title="bbox 607 86 721 127">
    <p class='ocr_par' dir='ltr' id='par_1_1' title="bbox 607 86 721 127">
     <span class='ocr_line' id='line_1_1' title="bbox 607 86 721 127; baseline 0 -20"><span class='ocrx_word' id='word_1_1' title='bbox 607 94 619 127; x_wconf 39' lang='lat' dir='ltr'>x</span> <span class='ocrx_word' id='word_1_2' title='bbox 715 86 721 107; x_wconf 85' lang='grc' dir='ltr'><em>Ι</em></span> 
     </span>
    </p>
   </div>
   <div class='ocr_carea' id='block_1_2' title="bbox 431 192 1157 353">
    <p class='ocr_par' dir='ltr' id='par_1_2' title="bbox 431 192 1157 353">
     <span class='ocr_line' id='line_1_2' title="bbox 431 192 1157 353; baseline 0.006 -46"><span class='ocrx_word' id='word_1_3' title='bbox 431 228 733 309; x_wconf 78' lang='lat' dir='ltr'>PRAEFATIO.-</span> <span class='ocrx_word' id='word_1_4' title='bbox 789 192 794 202; x_wconf 18' lang='lat' dir='ltr'>l</span> <span class='ocrx_word' id='word_1_5' title='bbox 852 346 858 353; x_wconf 16' lang='grc' dir='ltr'>ἱ</span> <span class='ocrx_word' id='word_1_6' title='bbox 908 238 911 249; x_wconf 80' lang='lat'><em>‘</em></span> <span class='ocrx_word' id='word_1_7' title='bbox 1074 259 1157 313; x_wconf 76' lang='lat' dir='ltr'>uun</span> 
     </span>
    </p>
   </div>
   <div class='ocr_carea' id='block_1_3' title="bbox 25 403 1267 3895">
    <p class='ocr_par' dir='ltr' id='par_1_3' title="bbox 91 403 1159 481">
     <span class='ocr_line' id='line_1_3' title="bbox 91 403 1159 481; baseline 0.016 -27"><span class='ocrx_word' id='word_1_8' title='bbox 91 404 207 474; x_wconf 66' lang='grc' dir='ltr'><strong>ρώωιιι</strong></span> <span class='ocrx_word' id='word_1_9' title='bbox 228 404 329 465; x_wconf 63' lang='lat' dir='ltr'>verba,</span> <span class='ocrx_word' id='word_1_10' title='bbox 356 403 476 479; x_wconf 72' lang='lat' dir='ltr'>catalogi</span> <span class='ocrx_word' id='word_1_11' title='bbox 499 407 624 481; x_wconf 83' lang='lat' dir='ltr'>impressi</span> <span class='ocrx_word' id='word_1_12' title='bbox 642 418 752 470; x_wconf 85' lang='lat' dir='ltr'>auctor,</span> <span class='ocrx_word' id='word_1_13' title='bbox 779 408 820 462; x_wconf 82' lang='lat' dir='ltr'>rel</span> <span class='ocrx_word' id='word_1_14' title='bbox 837 406 888 463; x_wconf 86' lang='lat' dir='ltr'>alia</span> <span class='ocrx_word' id='word_1_15' title='bbox 901 406 933 461; x_wconf 86' lang='lat' dir='ltr'>ln</span> <span class='ocrx_word' id='word_1_16' title='bbox 951 408 1025 465; x_wconf 82' lang='lat' dir='ltr'>lrunc</span> <span class='ocrx_word' id='word_1_17' title='bbox 1041 416 1159 472; x_wconf 73' lang='lat' dir='ltr'>sensum.</span> 
     </span>
    </p>

    <p class='ocr_par' dir='ltr' id='par_1_4' title="bbox 51 501 1267 1183">
     <span class='ocr_line' id='line_1_4' title="bbox 51 501 1160 585; baseline 0.011 -29"><span class='ocrx_word' id='word_1_18' title='bbox 51 548 63 569; x_wconf 79' lang='grc'>,</span> <span class='ocrx_word' id='word_1_19' title='bbox 93 501 251 561; x_wconf 76' lang='lat' dir='ltr'>Vaueillerius</span> <span class='ocrx_word' id='word_1_20' title='bbox 269 525 297 579; x_wconf 81' lang='lat' dir='ltr'>p.</span> <span class='ocrx_word' id='word_1_21' title='bbox 311 503 376 559; x_wconf 73' lang='lat'>324.</span> <span class='ocrx_word' id='word_1_22' title='bbox 392 506 546 575; x_wconf 71' lang='lat' dir='ltr'>describens</span> <span class='ocrx_word' id='word_1_23' title='bbox 569 519 663 562; x_wconf 84' lang='lat' dir='ltr'>notam</span> <span class='ocrx_word' id='word_1_24' title='bbox 688 508 823 580; x_wconf 87' lang='lat' dir='ltr'>quandam</span> <span class='ocrx_word' id='word_1_25' title='bbox 851 504 930 562; x_wconf 89' lang='lat' dir='ltr'>titulo</span> <span class='ocrx_word' id='word_1_26' title='bbox 954 510 1058 565; x_wconf 81' lang='lat' dir='ltr'>codicis</span> <span class='ocrx_word' id='word_1_27' title='bbox 1080 514 1160 585; x_wconf 79' lang='lat' dir='ltr'>adpi-</span> 
     </span>
     <span class='ocr_line' id='line_1_5' title="bbox 89 586 1159 693; baseline 0.012 -38"><span class='ocrx_word' id='word_1_28' title='bbox 89 613 147 657; x_wconf 85' lang='lat' dir='ltr'>ctan</span> <span class='ocrx_word' id='word_1_29' title='bbox 166 623 197 656; x_wconf 88' lang='lat' dir='ltr'>eo</span> <span class='ocrx_word' id='word_1_30' title='bbox 221 605 309 659; x_wconf 90' lang='lat' dir='ltr'>modo</span> <span class='ocrx_word' id='word_1_31' title='bbox 335 605 429 671; x_wconf 81' lang='lat' dir='ltr'>effert,</span> <span class='ocrx_word' id='word_1_32' title='bbox 469 586 723 691; x_wconf 65' lang='lat' dir='ltr'>obseruationidui</span> <span class='ocrx_word' id='word_1_33' title='bbox 748 610 983 693; x_wconf 72' lang='lat' dir='ltr'>eruditissimis,¹</span> <span class='ocrx_word' id='word_1_34' title='bbox 1005 608 1159 682; x_wconf 79' lang='lat' dir='ltr'>ips&#39;a&#39;nota,</span> 
     </span>
     <span class='ocr_line' id='line_1_6' title="bbox 88 702 1158 776; baseline 0.012 -20"><span class='ocrx_word' id='word_1_35' title='bbox 88 720 153 774; x_wconf 83' lang='lat' dir='ltr'>qnam</span> <span class='ocrx_word' id='word_1_36' title='bbox 169 705 223 776; x_wconf 87' lang='lat' dir='ltr'>ipse</span> <span class='ocrx_word' id='word_1_37' title='bbox 246 705 321 771; x_wconf 80' lang='lat' dir='ltr'>vidi,</span> <span class='ocrx_word' id='word_1_38' title='bbox 350 718 379 762; x_wconf 87' lang='lat' dir='ltr'>et</span> <span class='ocrx_word' id='word_1_39' title='bbox 401 728 477 764; x_wconf 88' lang='lat' dir='ltr'>nnnc</span> <span class='ocrx_word' id='word_1_40' title='bbox 505 710 586 764; x_wconf 88' lang='lat' dir='ltr'>etiam</span> <span class='ocrx_word' id='word_1_41' title='bbox 606 708 688 763; x_wconf 71' lang='lat' dir='ltr'>video</span> <span class='ocrx_word' id='word_1_42' title='bbox 709 702 957 764; x_wconf 74' lang='lat' dir='ltr'>obreduntionibus</span> <span class='ocrx_word' id='word_1_43' title='bbox 975 716 1054 767; x_wconf 72' lang='lat' dir='ltr'>erud.</span> <span class='ocrx_word' id='word_1_44' title='bbox 1104 714 1158 769; x_wconf 85' lang='lat' dir='ltr'>Sed</span> 
     </span>
     <span class='ocr_line' id='line_1_7' title="bbox 87 803 1159 883; baseline 0.012 -25"><span class='ocrx_word' id='word_1_45' title='bbox 87 803 177 859; x_wconf 72' lang='lat' dir='ltr'>locut</span> <span class='ocrx_word' id='word_1_46' title='bbox 196 806 377 861; x_wconf 68' lang='lat' dir='ltr'>levissimum.</span> <span class='ocrx_word' id='word_1_47' title='bbox 414 808 503 863; x_wconf 77' lang='lat' dir='ltr'>Codex</span> <span class='ocrx_word' id='word_1_48' title='bbox 522 809 637 865; x_wconf 83' lang='lat' dir='ltr'>duarum</span> <span class='ocrx_word' id='word_1_49' title='bbox 655 828 786 863; x_wconf 88' lang='lat' dir='ltr'>manuum</span> <span class='ocrx_word' id='word_1_50' title='bbox 813 809 921 883; x_wconf 81' lang='lat' dir='ltr'>vestigia</span> <span class='ocrx_word' id='word_1_51' title='bbox 936 810 991 864; x_wconf 77' lang='lat' dir='ltr'>sert</span> <span class='ocrx_word' id='word_1_52' title='bbox 1008 814 1159 870; x_wconf 75' lang='lat' dir='ltr'>manifesta.</span> 
     </span>
     <span class='ocr_line' id='line_1_8' title="bbox 89 904 1267 983; baseline 0.006 -23"><span class='ocrx_word' id='word_1_53' title='bbox 89 904 191 979; x_wconf 76' lang='lat' dir='ltr'>Utraque</span> <span class='ocrx_word' id='word_1_54' title='bbox 212 906 324 963; x_wconf 80' lang='lat' dir='ltr'>videtur</span> <span class='ocrx_word' id='word_1_55' title='bbox 343 910 482 981; x_wconf 70' lang='lat' dir='ltr'>antiquior</span> <span class='ocrx_word' id='word_1_56' title='bbox 504 928 578 965; x_wconf 88' lang='lat' dir='ltr'>anuo</span> <span class='ocrx_word' id='word_1_57' title='bbox 602 910 681 967; x_wconf 80' lang='lat'>1668.</span> <span class='ocrx_word' id='word_1_58' title='bbox 707 930 763 983; x_wconf 90' lang='lat' dir='ltr'>quo</span> <span class='ocrx_word' id='word_1_59' title='bbox 791 910 900 982; x_wconf 87' lang='lat' dir='ltr'>publica</span> <span class='ocrx_word' id='word_1_60' title='bbox 922 912 993 967; x_wconf 84' lang='lat' dir='ltr'>saeta</span> <span class='ocrx_word' id='word_1_61' title='bbox 1018 922 1057 966; x_wconf 86' lang='lat' dir='ltr'>est</span> <span class='ocrx_word' id='word_1_62' title='bbox 1075 912 1159 969; x_wconf 81' lang='lat' dir='ltr'>Stan-</span> <span class='ocrx_word' id='word_1_63' title='bbox 1262 918 1267 939; x_wconf 69' lang='lat'><strong>⁴</strong></span> 
     </span>
     <span class='ocr_line' id='line_1_9' title="bbox 86 1004 1159 1097; baseline 0.009 -39"><span class='ocrx_word' id='word_1_64' title='bbox 86 1004 156 1059; x_wconf 88' lang='lat' dir='ltr'>leiana</span> <span class='ocrx_word' id='word_1_65' title='bbox 179 1009 271 1065; x_wconf 88' lang='lat' dir='ltr'>editio.</span> <span class='ocrx_word' id='word_1_66' title='bbox 330 1008 450 1064; x_wconf 85' lang='lat' dir='ltr'>Nitidior</span> <span class='ocrx_word' id='word_1_67' title='bbox 474 1010 574 1065; x_wconf 88' lang='lat' dir='ltr'>dicitur</span> <span class='ocrx_word' id='word_1_68' title='bbox 601 1010 769 1066; x_wconf 86' lang='lat' dir='ltr'>Vauvillerio</span> <span class='ocrx_word' id='word_1_69' title='bbox 791 1028 848 1065; x_wconf 84' lang='lat' dir='ltr'>esse</span> <span class='ocrx_word' id='word_1_70' title='bbox 872 1009 1040 1074; x_wconf 60' lang='lat' dir='ltr'>anuloni,</span> <span class='ocrx_word' id='word_1_71' title='bbox 1075 1016 1159 1097; x_wconf 68' lang='lat' dir='ltr'>altera</span> 
     </span>
     <span class='ocr_line' id='line_1_10' title="bbox 86 1101 1158 1183; baseline 0.01 -26"><span class='ocrx_word' id='word_1_72' title='bbox 86 1101 144 1160; x_wconf 85' lang='lat' dir='ltr'>tone</span> <span class='ocrx_word' id='word_1_73' title='bbox 159 1107 210 1163; x_wconf 87' lang='lat' dir='ltr'>lac.</span> <span class='ocrx_word' id='word_1_74' title='bbox 227 1108 356 1163; x_wconf 83' lang='lat' dir='ltr'>Puteani.</span> <span class='ocrx_word' id='word_1_75' title='bbox 391 1106 480 1165; x_wconf 88' lang='lat' dir='ltr'>Verba</span> <span class='ocrx_word' id='word_1_76' title='bbox 498 1130 566 1182; x_wconf 85' lang='lat' dir='ltr'>quae</span> <span class='ocrx_word' id='word_1_77' title='bbox 583 1111 711 1183; x_wconf 69' lang='lat' dir='ltr'>leguntur</span> <span class='ocrx_word' id='word_1_78' title='bbox 727 1131 755 1182; x_wconf 90' lang='lat' dir='ltr'>p.</span> <span class='ocrx_word' id='word_1_79' title='bbox 770 1111 814 1165; x_wconf 78' lang='lat'>96.</span> <span class='ocrx_word' id='word_1_80' title='bbox 833 1110 968 1174; x_wconf 80' lang='lat' dir='ltr'>„absolvit</span> <span class='ocrx_word' id='word_1_81' title='bbox 985 1114 1021 1168; x_wconf 85' lang='lat' dir='ltr'>ls.</span> <span class='ocrx_word' id='word_1_82' title='bbox 1041 1113 1158 1169; x_wconf 80' lang='lat' dir='ltr'>casaub.</span> 
     </span>
    </p>

    <p class='ocr_par' dir='ltr' id='par_1_5' title="bbox 25 1206 1156 1285">
     <span class='ocr_line' id='line_1_11' title="bbox 25 1206 1156 1285; baseline 0.008 -28"><span class='ocrx_word' id='word_1_83' title='bbox 25 1258 27 1285; x_wconf 77' lang='lat' dir='ltr'>r</span> <span class='ocrx_word' id='word_1_84' title='bbox 87 1206 164 1260; x_wconf 74' lang='lat' dir='ltr'>scat</span> <span class='ocrx_word' id='word_1_85' title='bbox 179 1208 262 1262; x_wconf 85' lang='lat' dir='ltr'>Mart.</span> <span class='ocrx_word' id='word_1_86' title='bbox 281 1210 380 1263; x_wconf 82' lang='lat'>1610.”</span> <span class='ocrx_word' id='word_1_87' title='bbox 395 1222 451 1264; x_wconf 85' lang='lat' dir='ltr'>uon</span> <span class='ocrx_word' id='word_1_88' title='bbox 470 1212 560 1266; x_wconf 82' lang='lat' dir='ltr'>atatim</span> <span class='ocrx_word' id='word_1_89' title='bbox 583 1212 661 1266; x_wconf 84' lang='lat' dir='ltr'>litem</span> <span class='ocrx_word' id='word_1_90' title='bbox 680 1210 822 1264; x_wconf 86' lang='lat' dir='ltr'>dirimunt.</span> <span class='ocrx_word' id='word_1_91' title='bbox 863 1210 926 1263; x_wconf 89' lang='lat' dir='ltr'>Vidi</span> <span class='ocrx_word' id='word_1_92' title='bbox 946 1229 1058 1265; x_wconf 90' lang='lat' dir='ltr'>manum</span> <span class='ocrx_word' id='word_1_93' title='bbox 1075 1214 1156 1266; x_wconf 89' lang='lat' dir='ltr'>indu-</span> 
     </span>
    </p>

    <p class='ocr_par' dir='ltr' id='par_1_6' title="bbox 25 1290 1208 2387">
     <span class='ocr_line' id='line_1_12' title="bbox 25 1290 1158 1382; baseline 0.009 -25"><span class='ocrx_word' id='word_1_94' title='bbox 25 1290 27 1379; x_wconf 20' lang='grc' dir='ltr'>ὲ</span> <span class='ocrx_word' id='word_1_95' title='bbox 87 1302 145 1357; x_wconf 81' lang='lat' dir='ltr'>biam</span> <span class='ocrx_word' id='word_1_96' title='bbox 160 1307 329 1373; x_wconf 72' lang='lat' dir='ltr'><strong>casauboni,</strong></span> <span class='ocrx_word' id='word_1_97' title='bbox 346 1319 373 1363; x_wconf 90' lang='lat' dir='ltr'>et</span> <span class='ocrx_word' id='word_1_98' title='bbox 390 1310 466 1364; x_wconf 76' lang='lat' dir='ltr'>nuto</span> <span class='ocrx_word' id='word_1_99' title='bbox 483 1312 568 1367; x_wconf 91' lang='lat' dir='ltr'>modo</span> <span class='ocrx_word' id='word_1_100' title='bbox 586 1311 625 1365; x_wconf 88' lang='lat' dir='ltr'>illi</span> <span class='ocrx_word' id='word_1_101' title='bbox 644 1310 759 1364; x_wconf 87' lang='lat' dir='ltr'>similem</span> <span class='ocrx_word' id='word_1_102' title='bbox 779 1310 882 1381; x_wconf 85' lang='lat' dir='ltr'>reperi,</span> <span class='ocrx_word' id='word_1_103' title='bbox 907 1329 975 1382; x_wconf 88' lang='lat' dir='ltr'>quae</span> <span class='ocrx_word' id='word_1_104' title='bbox 990 1313 1020 1365; x_wconf 91' lang='lat' dir='ltr'>in</span> <span class='ocrx_word' id='word_1_105' title='bbox 1037 1313 1092 1366; x_wconf 83' lang='lat' dir='ltr'>boe</span> <span class='ocrx_word' id='word_1_106' title='bbox 1109 1333 1158 1367; x_wconf 86' lang='lat' dir='ltr'>co·</span> 
     </span>
     <span class='ocr_line' id='line_1_13' title="bbox 88 1402 1158 1484; baseline 0.007 -26"><span class='ocrx_word' id='word_1_107' title='bbox 88 1402 135 1459; x_wconf 84' lang='lat' dir='ltr'>dite</span> <span class='ocrx_word' id='word_1_108' title='bbox 148 1408 256 1463; x_wconf 76' lang='lat' dir='ltr'><strong>nitidior</strong></span> <span class='ocrx_word' id='word_1_109' title='bbox 274 1421 334 1475; x_wconf 86' lang='lat' dir='ltr'>est,</span> <span class='ocrx_word' id='word_1_110' title='bbox 351 1419 378 1463; x_wconf 89' lang='lat' dir='ltr'>et</span> <span class='ocrx_word' id='word_1_111' title='bbox 394 1409 546 1465; x_wconf 86' lang='lat' dir='ltr'>Casauboni</span> <span class='ocrx_word' id='word_1_112' title='bbox 565 1432 622 1466; x_wconf 89' lang='lat' dir='ltr'>esse</span> <span class='ocrx_word' id='word_1_113' title='bbox 642 1409 756 1472; x_wconf 86' lang='lat' dir='ltr'>dicitur;</span> <span class='ocrx_word' id='word_1_114' title='bbox 776 1409 891 1463; x_wconf 80' lang='lat' dir='ltr'>similior</span> <span class='ocrx_word' id='word_1_115' title='bbox 908 1421 978 1466; x_wconf 88' lang='lat' dir='ltr'>esset</span> <span class='ocrx_word' id='word_1_116' title='bbox 988 1411 1064 1466; x_wconf 86' lang='lat' dir='ltr'>alteri</span> <span class='ocrx_word' id='word_1_117' title='bbox 1077 1432 1158 1484; x_wconf 88' lang='lat' dir='ltr'>quam</span> 
     </span>
     <span class='ocr_line' id='line_1_14' title="bbox 87 1502 1160 1597; baseline 0.01 -39"><span class='ocrx_word' id='word_1_118' title='bbox 87 1502 181 1563; x_wconf 82' lang='lat' dir='ltr'>Puteani</span> <span class='ocrx_word' id='word_1_119' title='bbox 197 1508 387 1563; x_wconf 81' lang='lat' dir='ltr'>Vauvillerius</span> <span class='ocrx_word' id='word_1_120' title='bbox 405 1529 461 1565; x_wconf 84' lang='lat' dir='ltr'>esse</span> <span class='ocrx_word' id='word_1_121' title='bbox 479 1522 563 1597; x_wconf 84' lang='lat' dir='ltr'>putat.</span> <span class='ocrx_word' id='word_1_122' title='bbox 604 1511 739 1564; x_wconf 81' lang='lat' dir='ltr'>Notarum</span> <span class='ocrx_word' id='word_1_123' title='bbox 757 1508 869 1579; x_wconf 84' lang='lat' dir='ltr'>puerilis</span> <span class='ocrx_word' id='word_1_124' title='bbox 893 1511 1054 1583; x_wconf 82' lang='lat' dir='ltr'>plerumque</span> <span class='ocrx_word' id='word_1_125' title='bbox 1072 1514 1160 1569; x_wconf 81' lang='lat' dir='ltr'>futili·</span> 
     </span>
     <span class='ocr_line' id='line_1_15' title="bbox 88 1604 1160 1683; baseline 0.01 -24"><span class='ocrx_word' id='word_1_126' title='bbox 88 1615 118 1659; x_wconf 85' lang='lat' dir='ltr'>tas</span> <span class='ocrx_word' id='word_1_127' title='bbox 137 1618 161 1661; x_wconf 86' lang='lat' dir='ltr'>et</span> <span class='ocrx_word' id='word_1_128' title='bbox 178 1629 244 1682; x_wconf 81' lang='lat' dir='ltr'>quas</span> <span class='ocrx_word' id='word_1_129' title='bbox 268 1629 413 1683; x_wconf 87' lang='lat' dir='ltr'>nunquam</span> <span class='ocrx_word' id='word_1_130' title='bbox 432 1610 606 1667; x_wconf 69' lang='lat' dir='ltr'><strong>casaubonus</strong></span> <span class='ocrx_word' id='word_1_131' title='bbox 629 1608 676 1662; x_wconf 89' lang='lat' dir='ltr'>ille</span> <span class='ocrx_word' id='word_1_132' title='bbox 692 1609 828 1679; x_wconf 81' lang='lat' dir='ltr'>potuisset</span> <span class='ocrx_word' id='word_1_133' title='bbox 852 1609 956 1680; x_wconf 81' lang='lat' dir='ltr'>publici</span> <span class='ocrx_word' id='word_1_134' title='bbox 974 1612 1040 1666; x_wconf 86' lang='lat' dir='ltr'>iuris</span> <span class='ocrx_word' id='word_1_135' title='bbox 1060 1604 1160 1680; x_wconf 71' lang='lat' dir='ltr'>lasere,</span> 
     </span>
     <span class='ocr_line' id='line_1_16' title="bbox 88 1706 1205 1783; baseline 0.007 -22"><span class='ocrx_word' id='word_1_136' title='bbox 88 1706 138 1761; x_wconf 79' lang='lat' dir='ltr'>oili</span> <span class='ocrx_word' id='word_1_137' title='bbox 158 1711 343 1783; x_wconf 70' lang='lat' dir='ltr'>suspicionem</span> <span class='ocrx_word' id='word_1_138' title='bbox 363 1712 451 1767; x_wconf 84' lang='lat' dir='ltr'>inlicit</span> <span class='ocrx_word' id='word_1_139' title='bbox 472 1712 556 1767; x_wconf 75' lang='lat' dir='ltr'>luisse</span> <span class='ocrx_word' id='word_1_140' title='bbox 574 1711 735 1781; x_wconf 77' lang='lat' dir='ltr'>descriptam</span> <span class='ocrx_word' id='word_1_141' title='bbox 754 1709 824 1764; x_wconf 84' lang='lat' dir='ltr'>hanc</span> <span class='ocrx_word' id='word_1_142' title='bbox 842 1710 962 1764; x_wconf 83' lang='lat' dir='ltr'>sabulum</span> <span class='ocrx_word' id='word_1_143' title='bbox 982 1713 1015 1767; x_wconf 88' lang='lat' dir='ltr'>ab</span> <span class='ocrx_word' id='word_1_144' title='bbox 1035 1713 1162 1769; x_wconf 87' lang='lat' dir='ltr'>auditore</span> <span class='ocrx_word' id='word_1_145' title='bbox 1202 1732 1205 1739; x_wconf 79' lang='grc'>’</span> 
     </span>
     <span class='ocr_line' id='line_1_17' title="bbox 90 1807 1162 1883; baseline 0.007 -24"><span class='ocrx_word' id='word_1_146' title='bbox 90 1807 162 1881; x_wconf 84' lang='lat' dir='ltr'>aliquo</span> <span class='ocrx_word' id='word_1_147' title='bbox 183 1809 344 1866; x_wconf 74' lang='lat' dir='ltr'>sasauboni</span> <span class='ocrx_word' id='word_1_148' title='bbox 368 1824 394 1866; x_wconf 88' lang='lat' dir='ltr'>et</span> <span class='ocrx_word' id='word_1_149' title='bbox 425 1811 556 1875; x_wconf 79' lang='lat' dir='ltr'>„absolvit</span> <span class='ocrx_word' id='word_1_150' title='bbox 582 1811 783 1868; x_wconf 83' lang='lat' dir='ltr'>Casaubonus&#39;&#39;</span> <span class='ocrx_word' id='word_1_151' title='bbox 812 1812 853 1865; x_wconf 83' lang='lat' dir='ltr'>sie</span> <span class='ocrx_word' id='word_1_152' title='bbox 879 1810 1030 1883; x_wconf 78' lang='lat' dir='ltr'>intelligere</span> <span class='ocrx_word' id='word_1_153' title='bbox 1059 1814 1162 1879; x_wconf 86' lang='lat' dir='ltr'>deberi,</span> 
     </span>
     <span class='ocr_line' id='line_1_18' title="bbox 93 1898 1208 1999; baseline 0.009 -38"><span class='ocrx_word' id='word_1_154' title='bbox 93 1907 184 1964; x_wconf 73' lang='lat' dir='ltr'>absolvit</span> <span class='ocrx_word' id='word_1_155' title='bbox 209 1915 483 1991; x_wconf 63' lang='lat' dir='ltr'>interpretationem</span> <span class='ocrx_word' id='word_1_156' title='bbox 503 1913 623 1999; x_wconf 65' lang='lat' dir='ltr'>fabulae,</span> <span class='ocrx_word' id='word_1_157' title='bbox 646 1931 705 1966; x_wconf 91' lang='lat' dir='ltr'>non</span> <span class='ocrx_word' id='word_1_158' title='bbox 725 1924 814 1966; x_wconf 84' lang='lat' dir='ltr'>nutem</span> <span class='ocrx_word' id='word_1_159' title='bbox 833 1911 1057 1991; x_wconf 68' lang='lat' dir='ltr'>descriptionem.</span> <span class='ocrx_word' id='word_1_160' title='bbox 1092 1915 1163 1971; x_wconf 84' lang='lat' dir='ltr'>Cae·</span> <span class='ocrx_word' id='word_1_161' title='bbox 1202 1898 1208 1913; x_wconf 54' lang='grc'><em>’</em></span> 
     </span>
     <span class='ocr_line' id='line_1_19' title="bbox 90 2009 1163 2085; baseline 0.009 -22"><span class='ocrx_word' id='word_1_162' title='bbox 90 2017 158 2064; x_wconf 82' lang='lat' dir='ltr'>terum</span> <span class='ocrx_word' id='word_1_163' title='bbox 173 2031 271 2083; x_wconf 85' lang='lat' dir='ltr'>parum</span> <span class='ocrx_word' id='word_1_164' title='bbox 291 2012 357 2068; x_wconf 88' lang='lat' dir='ltr'>huic</span> <span class='ocrx_word' id='word_1_165' title='bbox 375 2011 499 2085; x_wconf 82' lang='lat' dir='ltr'>opinioni</span> <span class='ocrx_word' id='word_1_166' title='bbox 516 2012 624 2076; x_wconf 87' lang='lat' dir='ltr'>tribuo,</span> <span class='ocrx_word' id='word_1_167' title='bbox 641 2032 704 2065; x_wconf 88' lang='lat' dir='ltr'>nam</span> <span class='ocrx_word' id='word_1_168' title='bbox 725 2012 763 2064; x_wconf 82' lang='lat' dir='ltr'>rix</span> <span class='ocrx_word' id='word_1_169' title='bbox 784 2010 867 2065; x_wconf 86' lang='lat' dir='ltr'>credo</span> <span class='ocrx_word' id='word_1_170' title='bbox 883 2009 955 2065; x_wconf 83' lang='lat' dir='ltr'>circa</span> <span class='ocrx_word' id='word_1_171' title='bbox 967 2022 1071 2085; x_wconf 88' lang='lat' dir='ltr'>annutn</span> <span class='ocrx_word' id='word_1_172' title='bbox 1087 2018 1163 2073; x_wconf 82' lang='lat'>1610.</span> 
     </span>
     <span class='ocr_line' id='line_1_20' title="bbox 90 2107 1164 2184; baseline 0.008 -22"><span class='ocrx_word' id='word_1_173' title='bbox 90 2107 261 2167; x_wconf 69' lang='lat' dir='ltr'>(carbonum</span> <span class='ocrx_word' id='word_1_174' title='bbox 281 2112 373 2169; x_wconf 86' lang='lat' dir='ltr'>adbuc</span> <span class='ocrx_word' id='word_1_175' title='bbox 391 2112 560 2167; x_wconf 82' lang='lat' dir='ltr'>Proleuoris</span> <span class='ocrx_word' id='word_1_176' title='bbox 577 2132 691 2167; x_wconf 83' lang='lat' dir='ltr'>munere</span> <span class='ocrx_word' id='word_1_177' title='bbox 712 2113 800 2184; x_wconf 77' lang='lat' dir='ltr'>fungi.</span> <span class='ocrx_word' id='word_1_178' title='bbox 816 2111 976 2184; x_wconf 73' lang='lat' dir='ltr'>‘Quicquid</span> <span class='ocrx_word' id='word_1_179' title='bbox 994 2114 1044 2179; x_wconf 85' lang='lat' dir='ltr'>sit,</span> <span class='ocrx_word' id='word_1_180' title='bbox 1066 2117 1093 2170; x_wconf 84' lang='lat' dir='ltr'>si·</span> <span class='ocrx_word' id='word_1_181' title='bbox 1104 2136 1164 2171; x_wconf 90' lang='lat' dir='ltr'>ma-</span> 
     </span>
     <span class='ocr_line' id='line_1_21' title="bbox 90 2200 1163 2279; baseline 0.005 -12"><span class='ocrx_word' id='word_1_182' title='bbox 90 2226 131 2261; x_wconf 85' lang='lat' dir='ltr'>nna</span> <span class='ocrx_word' id='word_1_183' title='bbox 145 2200 299 2268; x_wconf 64' lang='lat' dir='ltr'>casauboni</span> <span class='ocrx_word' id='word_1_184' title='bbox 324 2216 408 2269; x_wconf 86' lang='lat' dir='ltr'>altera</span> <span class='ocrx_word' id='word_1_185' title='bbox 432 2213 548 2269; x_wconf 88' lang='lat' dir='ltr'>duarum</span> <span class='ocrx_word' id='word_1_186' title='bbox 576 2225 631 2275; x_wconf 86' lang='lat' dir='ltr'>est,</span> <span class='ocrx_word' id='word_1_187' title='bbox 661 2202 825 2267; x_wconf 74' lang='lat' dir='ltr'>crediderim</span> <span class='ocrx_word' id='word_1_188' title='bbox 845 2212 1078 2269; x_wconf 74' lang='lat' dir='ltr'>casaubonianam</span> <span class='ocrx_word' id='word_1_189' title='bbox 1096 2237 1163 2279; x_wconf 84' lang='lat' dir='ltr'>esse,</span> 
     </span>
     <span class='ocr_line' id='line_1_22' title="bbox 91 2312 1164 2387; baseline 0.006 -23"><span class='ocrx_word' id='word_1_190' title='bbox 91 2326 146 2379; x_wconf 80' lang='lat' dir='ltr'>quae</span> <span class='ocrx_word' id='word_1_191' title='bbox 160 2324 197 2367; x_wconf 87' lang='lat' dir='ltr'>est</span> <span class='ocrx_word' id='word_1_192' title='bbox 215 2315 334 2387; x_wconf 88' lang='lat' dir='ltr'>pulchra</span> <span class='ocrx_word' id='word_1_193' title='bbox 354 2314 464 2375; x_wconf 84' lang='lat' dir='ltr'>minus,</span> <span class='ocrx_word' id='word_1_194' title='bbox 485 2312 556 2370; x_wconf 84' lang='lat' dir='ltr'>lectu</span> <span class='ocrx_word' id='word_1_195' title='bbox 575 2313 729 2374; x_wconf 82' lang='lat' dir='ltr'>difficilior,</span> <span class='ocrx_word' id='word_1_196' title='bbox 757 2322 908 2366; x_wconf 83' lang='lat' dir='ltr'>atramento</span> <span class='ocrx_word' id='word_1_197' title='bbox 925 2323 984 2367; x_wconf 83' lang='lat' dir='ltr'>atro</span> <span class='ocrx_word' id='word_1_198' title='bbox 1006 2315 1091 2385; x_wconf 80' lang='lat' dir='ltr'>magis</span> <span class='ocrx_word' id='word_1_199' title='bbox 1108 2335 1164 2376; x_wconf 82' lang='lat' dir='ltr'>usa,</span> 
     </span>
    </p>

    <p class='ocr_par' dir='ltr' id='par_1_7' title="bbox 25 2412 1175 2991">
     <span class='ocr_line' id='line_1_23' title="bbox 25 2412 1175 2488; baseline 0.003 -22"><span class='ocrx_word' id='word_1_200' title='bbox 25 2460 26 2475; x_wconf 64' lang='grc'>,</span> <span class='ocrx_word' id='word_1_201' title='bbox 91 2418 113 2462; x_wconf 77' lang='lat' dir='ltr'>tt</span> <span class='ocrx_word' id='word_1_202' title='bbox 132 2412 194 2468; x_wconf 80' lang='lat' dir='ltr'>circa</span> <span class='ocrx_word' id='word_1_203' title='bbox 218 2425 300 2470; x_wconf 87' lang='lat' dir='ltr'>notas</span> <span class='ocrx_word' id='word_1_204' title='bbox 325 2424 432 2469; x_wconf 86' lang='lat' dir='ltr'>tantum</span> <span class='ocrx_word' id='word_1_205' title='bbox 451 2426 477 2470; x_wconf 89' lang='lat' dir='ltr'>et</span> <span class='ocrx_word' id='word_1_206' title='bbox 495 2415 659 2487; x_wconf 75' lang='lat' dir='ltr'>appendices</span> <span class='ocrx_word' id='word_1_207' title='bbox 683 2425 798 2475; x_wconf 76' lang='lat' dir='ltr'>versata.</span> <span class='ocrx_word' id='word_1_208' title='bbox 843 2415 937 2468; x_wconf 78' lang='lat' dir='ltr'>Altera</span> <span class='ocrx_word' id='word_1_209' title='bbox 964 2413 1077 2468; x_wconf 86' lang='lat' dir='ltr'>nitidior</span> <span class='ocrx_word' id='word_1_210' title='bbox 1096 2428 1175 2488; x_wconf 84' lang='lat' dir='ltr'>quae&#39;</span> 
     </span>
     <span class='ocr_line' id='line_1_24' title="bbox 92 2508 1167 2585; baseline 0.003 -17"><span class='ocrx_word' id='word_1_211' title='bbox 92 2519 188 2579; x_wconf 69' lang='lat' dir='ltr'>terum,</span> <span class='ocrx_word' id='word_1_212' title='bbox 204 2516 366 2573; x_wconf 72' lang='lat' dir='ltr'>versionem</span> <span class='ocrx_word' id='word_1_213' title='bbox 382 2516 602 2576; x_wconf 78' lang='lat' dir='ltr'>interlinearem,</span> <span class='ocrx_word' id='word_1_214' title='bbox 620 2525 646 2568; x_wconf 90' lang='lat' dir='ltr'>et</span> <span class='ocrx_word' id='word_1_215' title='bbox 665 2513 825 2585; x_wconf 75' lang='lat' dir='ltr'>marginales</span> <span class='ocrx_word' id='word_1_216' title='bbox 838 2508 1073 2583; x_wconf 82' lang='lat' dir='ltr'>annotatiunculas</span> <span class='ocrx_word' id='word_1_217' title='bbox 1090 2515 1167 2582; x_wconf 82' lang='lat' dir='ltr'>fecit,</span> 
     </span>
     <span class='ocr_line' id='line_1_25' title="bbox 91 2592 1168 2687; baseline -0.001 -18"><span class='ocrx_word' id='word_1_218' title='bbox 91 2611 126 2663; x_wconf 71' lang='lat' dir='ltr'>tlt</span> <span class='ocrx_word' id='word_1_219' title='bbox 141 2615 290 2670; x_wconf 83' lang='lat' dir='ltr'>Casauboni</span> <span class='ocrx_word' id='word_1_220' title='bbox 317 2634 375 2669; x_wconf 85' lang='lat' dir='ltr'>esse</span> <span class='ocrx_word' id='word_1_221' title='bbox 395 2592 503 2687; x_wconf 80' lang='lat' dir='ltr'>potest.</span> <span class='ocrx_word' id='word_1_222' title='bbox 526 2634 591 2670; x_wconf 85' lang='lat' dir='ltr'>cum</span> <span class='ocrx_word' id='word_1_223' title='bbox 615 2615 737 2687; x_wconf 72' lang='lat' dir='ltr'>indidem</span> <span class='ocrx_word' id='word_1_224' title='bbox 754 2613 893 2686; x_wconf 83' lang='lat' dir='ltr'>scripserit</span> <span class='ocrx_word' id='word_1_225' title='bbox 914 2633 948 2665; x_wconf 76' lang='lat' dir='ltr'>ex</span> <span class='ocrx_word' id='word_1_226' title='bbox 968 2618 1168 2668; x_wconf 73' lang='lat' dir='ltr'>emendatione</span> 
     </span>
     <span class='ocr_line' id='line_1_26' title="bbox 96 2712 1168 2784; baseline 0.006 -20"><span class='ocrx_word' id='word_1_227' title='bbox 96 2714 256 2784; x_wconf 74' lang='lat' dir='ltr'>casauboni,</span> <span class='ocrx_word' id='word_1_228' title='bbox 276 2736 313 2771; x_wconf 76' lang='lat' dir='ltr'>ex</span> <span class='ocrx_word' id='word_1_229' title='bbox 334 2719 505 2772; x_wconf 79' lang='lat' dir='ltr'>casaubono</span> <span class='ocrx_word' id='word_1_230' title='bbox 525 2727 577 2769; x_wconf 85' lang='lat' dir='ltr'>etc.</span> <span class='ocrx_word' id='word_1_231' title='bbox 613 2714 676 2769; x_wconf 83' lang='lat' dir='ltr'>Tibi</span> <span class='ocrx_word' id='word_1_232' title='bbox 693 2725 772 2769; x_wconf 85' lang='lat' dir='ltr'>notas</span> <span class='ocrx_word' id='word_1_233' title='bbox 791 2734 886 2769; x_wconf 92' lang='lat' dir='ltr'>omnes</span> <span class='ocrx_word' id='word_1_234' title='bbox 904 2712 983 2769; x_wconf 86' lang='lat' dir='ltr'>buius</span> <span class='ocrx_word' id='word_1_235' title='bbox 1003 2715 1105 2769; x_wconf 87' lang='lat' dir='ltr'>codicis</span> <span class='ocrx_word' id='word_1_236' title='bbox 1118 2714 1168 2770; x_wconf 62' lang='lat' dir='ltr'>‘de-</span> 
     </span>
     <span class='ocr_line' id='line_1_27' title="bbox 94 2813 1167 2886; baseline 0.002 -18"><span class='ocrx_word' id='word_1_237' title='bbox 94 2813 189 2877; x_wconf 65' lang='lat' dir='ltr'>scribere</span> <span class='ocrx_word' id='word_1_238' title='bbox 214 2837 259 2871; x_wconf 82' lang='lat' dir='ltr'>res</span> <span class='ocrx_word' id='word_1_239' title='bbox 285 2828 356 2871; x_wconf 82' lang='lat' dir='ltr'>esset</span> <span class='ocrx_word' id='word_1_240' title='bbox 380 2816 478 2870; x_wconf 83' lang='lat' dir='ltr'>infiniti</span> <span class='ocrx_word' id='word_1_241' title='bbox 498 2817 615 2880; x_wconf 87' lang='lat' dir='ltr'>laboris,</span> <span class='ocrx_word' id='word_1_242' title='bbox 644 2826 670 2869; x_wconf 92' lang='lat' dir='ltr'>et</span> <span class='ocrx_word' id='word_1_243' title='bbox 693 2834 750 2868; x_wconf 91' lang='lat' dir='ltr'>non</span> <span class='ocrx_word' id='word_1_244' title='bbox 770 2816 824 2869; x_wconf 89' lang='lat' dir='ltr'>mei</span> <span class='ocrx_word' id='word_1_245' title='bbox 841 2814 916 2886; x_wconf 88' lang='lat' dir='ltr'>quod</span> <span class='ocrx_word' id='word_1_246' title='bbox 935 2834 1010 2869; x_wconf 89' lang='lat' dir='ltr'>nunc</span> <span class='ocrx_word' id='word_1_247' title='bbox 1027 2815 1084 2869; x_wconf 85' lang='lat' dir='ltr'>sere</span> <span class='ocrx_word' id='word_1_248' title='bbox 1102 2817 1167 2870; x_wconf 90' lang='lat' dir='ltr'>nul-</span> 
     </span>
     <span class='ocr_line' id='line_1_28' title="bbox 94 2909 1169 2991; baseline 0.002 -24"><span class='ocrx_word' id='word_1_249' title='bbox 94 2909 139 2967; x_wconf 88' lang='lat' dir='ltr'>lum</span> <span class='ocrx_word' id='word_1_250' title='bbox 155 2927 205 2977; x_wconf 86' lang='lat' dir='ltr'>est,</span> <span class='ocrx_word' id='word_1_251' title='bbox 231 2918 294 2971; x_wconf 86' lang='lat' dir='ltr'>otii.</span> <span class='ocrx_word' id='word_1_252' title='bbox 341 2917 468 2971; x_wconf 85' lang='lat' dir='ltr'>Faebsius</span> <span class='ocrx_word' id='word_1_253' title='bbox 490 2917 652 2991; x_wconf 89' lang='lat' dir='ltr'>paucissima</span> <span class='ocrx_word' id='word_1_254' title='bbox 675 2926 781 2970; x_wconf 86' lang='lat' dir='ltr'>tantum</span> <span class='ocrx_word' id='word_1_255' title='bbox 804 2916 943 2987; x_wconf 80' lang='lat' dir='ltr'>excerpsit.</span> <span class='ocrx_word' id='word_1_256' title='bbox 986 2916 1169 2975; x_wconf 78' lang='lat' dir='ltr'>Vsus-illarius</span> 
     </span>
    </p>

    <p class='ocr_par' dir='ltr' id='par_1_8' title="bbox 25 3016 1170 3089">
     <span class='ocr_line' id='line_1_29' title="bbox 25 3016 1170 3089; baseline 0.004 -24"><span class='ocrx_word' id='word_1_257' title='bbox 25 3020 26 3059; x_wconf 63' lang='lat' dir='ltr'>t</span> <span class='ocrx_word' id='word_1_258' title='bbox 91 3030 137 3067; x_wconf 85' lang='lat' dir='ltr'>non</span> <span class='ocrx_word' id='word_1_259' title='bbox 153 3016 214 3072; x_wconf 82' lang='lat' dir='ltr'>dicit</span> <span class='ocrx_word' id='word_1_260' title='bbox 231 3016 387 3073; x_wconf 80' lang='lat' dir='ltr'>Stanleiurn</span> <span class='ocrx_word' id='word_1_261' title='bbox 406 3016 627 3075; x_wconf 83' lang='lat' dir='ltr'>Casaubonianas</span> <span class='ocrx_word' id='word_1_262' title='bbox 644 3026 723 3070; x_wconf 88' lang='lat' dir='ltr'>notas</span> <span class='ocrx_word' id='word_1_263' title='bbox 741 3035 802 3070; x_wconf 85' lang='lat' dir='ltr'>suas</span> <span class='ocrx_word' id='word_1_264' title='bbox 823 3016 928 3071; x_wconf 77' lang='lat' dir='ltr'>secisse.</span> <span class='ocrx_word' id='word_1_265' title='bbox 969 3016 1088 3069; x_wconf 86' lang='lat' dir='ltr'>Miratur</span> <span class='ocrx_word' id='word_1_266' title='bbox 1106 3016 1170 3089; x_wconf 86' lang='lat' dir='ltr'>qui-</span> 
     </span>
    </p>

    <p class='ocr_par' dir='ltr' id='par_1_9' title="bbox 32 3112 1204 3493">
     <span class='ocr_line' id='line_1_30' title="bbox 32 3112 1171 3191; baseline -0.003 -19"><span class='ocrx_word' id='word_1_267' title='bbox 32 3124 35 3135; x_wconf 84' lang='grc'><strong>’</strong></span> <span class='ocrx_word' id='word_1_268' title='bbox 92 3112 143 3167; x_wconf 71' lang='lat' dir='ltr'>den</span> <span class='ocrx_word' id='word_1_269' title='bbox 158 3119 348 3191; x_wconf 75' lang='lat' dir='ltr'>prodigiosum</span> <span class='ocrx_word' id='word_1_270' title='bbox 374 3116 468 3171; x_wconf 89' lang='lat' dir='ltr'>multis</span> <span class='ocrx_word' id='word_1_271' title='bbox 486 3117 555 3171; x_wconf 82' lang='lat' dir='ltr'>loeis</span> <span class='ocrx_word' id='word_1_272' title='bbox 576 3136 756 3182; x_wconf 80' lang='lat' dir='ltr'>comessum,</span> <span class='ocrx_word' id='word_1_273' title='bbox 780 3116 826 3170; x_wconf 78' lang='lat' dir='ltr'>ssd</span> <span class='ocrx_word' id='word_1_274' title='bbox 846 3126 935 3170; x_wconf 88' lang='lat' dir='ltr'>tamen</span> <span class='ocrx_word' id='word_1_275' title='bbox 956 3115 1105 3171; x_wconf 81' lang='lat' dir='ltr'>Stanleium</span> <span class='ocrx_word' id='word_1_276' title='bbox 1124 3118 1171 3169; x_wconf 83' lang='lat' dir='ltr'>ln-</span> 
     </span>
     <span class='ocr_line' id='line_1_31' title="bbox 92 3194 1204 3289; baseline 0.004 -21"><span class='ocrx_word' id='word_1_277' title='bbox 92 3230 141 3268; x_wconf 81' lang='lat' dir='ltr'>rcn</span> <span class='ocrx_word' id='word_1_278' title='bbox 156 3216 235 3273; x_wconf 82' lang='lat' dir='ltr'>luisse</span> <span class='ocrx_word' id='word_1_279' title='bbox 252 3237 314 3273; x_wconf 91' lang='lat' dir='ltr'>non</span> <span class='ocrx_word' id='word_1_280' title='bbox 330 3216 509 3289; x_wconf 81' lang='lat' dir='ltr'>pronunciat.</span> <span class='ocrx_word' id='word_1_281' title='bbox 544 3218 641 3279; x_wconf 87' lang='lat' dir='ltr'>„Cette</span> <span class='ocrx_word' id='word_1_282' title='bbox 659 3216 863 3280; x_wconf 76' lang='lat' dir='ltr'>conlornritd‚”</span> <span class='ocrx_word' id='word_1_283' title='bbox 883 3216 972 3287; x_wconf 80' lang='lat' dir='ltr'>inquit</span> <span class='ocrx_word' id='word_1_284' title='bbox 990 3216 1051 3276; x_wconf 88' lang='lat' dir='ltr'>ille,</span> <span class='ocrx_word' id='word_1_285' title='bbox 1070 3223 1171 3288; x_wconf 81' lang='lat' dir='ltr'>„qu&#39;on</span> <span class='ocrx_word' id='word_1_286' title='bbox 1202 3194 1204 3201; x_wconf 48' lang='lat'>.</span> 
     </span>
     <span class='ocr_line' id='line_1_32' title="bbox 91 3315 1171 3390; baseline -0.002 -17"><span class='ocrx_word' id='word_1_287' title='bbox 91 3330 216 3389; x_wconf 59' lang='lat' dir='ltr'>temetque</span> <span class='ocrx_word' id='word_1_288' title='bbox 239 3339 276 3375; x_wconf 86' lang='lat' dir='ltr'>en</span> <span class='ocrx_word' id='word_1_289' title='bbox 300 3336 341 3372; x_wconf 85' lang='lat' dir='ltr'>un</span> <span class='ocrx_word' id='word_1_290' title='bbox 365 3318 452 3390; x_wconf 84' lang='lat' dir='ltr'>grand</span> <span class='ocrx_word' id='word_1_291' title='bbox 478 3319 595 3373; x_wconf 86' lang='lat' dir='ltr'>nombre</span> <span class='ocrx_word' id='word_1_292' title='bbox 619 3318 756 3372; x_wconf 83' lang='lat' dir='ltr'>d’articles</span> <span class='ocrx_word' id='word_1_293' title='bbox 782 3336 816 3371; x_wconf 90' lang='lat' dir='ltr'>ne</span> <span class='ocrx_word' id='word_1_294' title='bbox 842 3315 915 3371; x_wconf 80' lang='lat' dir='ltr'>sutsn</span> <span class='ocrx_word' id='word_1_295' title='bbox 940 3336 987 3389; x_wconf 88' lang='lat' dir='ltr'>pas</span> <span class='ocrx_word' id='word_1_296' title='bbox 1012 3318 1171 3371; x_wconf 83' lang='lat' dir='ltr'>neanmoius</span> 
     </span>
     <span class='ocr_line' id='line_1_33' title="bbox 93 3396 1172 3493; baseline -0.005 -18"><span class='ocrx_word' id='word_1_297' title='bbox 93 3430 153 3485; x_wconf 74' lang='lat' dir='ltr'>P⁰ttr</span> <span class='ocrx_word' id='word_1_298' title='bbox 172 3419 237 3475; x_wconf 75' lang='lat' dir='ltr'>faire</span> <span class='ocrx_word' id='word_1_299' title='bbox 262 3437 424 3493; x_wconf 86' lang='lat' dir='ltr'>prononcer</span> <span class='ocrx_word' id='word_1_300' title='bbox 448 3437 488 3471; x_wconf 91' lang='lat' dir='ltr'>un</span> <span class='ocrx_word' id='word_1_301' title='bbox 515 3419 628 3491; x_wconf 71' lang='lat' dir='ltr'>plagiats</span> <span class='ocrx_word' id='word_1_302' title='bbox 659 3418 727 3472; x_wconf 80' lang='lat' dir='ltr'>deus</span> <span class='ocrx_word' id='word_1_303' title='bbox 745 3418 869 3472; x_wconf 85' lang='lat' dir='ltr'>hommes</span> <span class='ocrx_word' id='word_1_304' title='bbox 892 3418 941 3472; x_wconf 88' lang='lat' dir='ltr'>tels</span> <span class='ocrx_word' id='word_1_305' title='bbox 958 3396 1011 3488; x_wconf 81' lang='lat' dir='ltr'>qud</span> <span class='ocrx_word' id='word_1_306' title='bbox 1029 3416 1172 3473; x_wconf 84' lang='lat' dir='ltr'>Casaubon</span> 
     </span>
    </p>

    <p class='ocr_par' dir='ltr' id='par_1_10' title="bbox 25 3516 1231 3592">
     <span class='ocr_line' id='line_1_34' title="bbox 25 3516 1231 3592; baseline -0.001 -24"><span class='ocrx_word' id='word_1_307' title='bbox 25 3534 26 3557; x_wconf 64' lang='lat'>³</span> <span class='ocrx_word' id='word_1_308' title='bbox 93 3524 116 3568; x_wconf 82' lang='lat' dir='ltr'>et</span> <span class='ocrx_word' id='word_1_309' title='bbox 130 3516 231 3592; x_wconf 79' lang='lat' dir='ltr'>Stanley</span> <span class='ocrx_word' id='word_1_310' title='bbox 258 3530 310 3575; x_wconf 89' lang='lat' dir='ltr'>out</span> <span class='ocrx_word' id='word_1_311' title='bbox 336 3519 373 3574; x_wconf 92' lang='lat' dir='ltr'>du</span> <span class='ocrx_word' id='word_1_312' title='bbox 398 3518 627 3573; x_wconf 85' lang='lat' dir='ltr'>necessairement</span> <span class='ocrx_word' id='word_1_313' title='bbox 653 3538 682 3572; x_wconf 90' lang='lat' dir='ltr'>se</span> <span class='ocrx_word' id='word_1_314' title='bbox 712 3528 856 3573; x_wconf 84' lang='lat' dir='ltr'>recontrer</span> <span class='ocrx_word' id='word_1_315' title='bbox 882 3516 1068 3590; x_wconf 83' lang='lat' dir='ltr'>quelquelois;</span> <span class='ocrx_word' id='word_1_316' title='bbox 1103 3530 1130 3573; x_wconf 86' lang='lat' dir='ltr'>et</span> <span class='ocrx_word' id='word_1_317' title='bbox 1151 3519 1173 3571; x_wconf 83' lang='lat' dir='ltr'>si</span> <span class='ocrx_word' id='word_1_318' title='bbox 1229 3530 1231 3537; x_wconf 60' lang='lat'>‘</span> 
     </span>
    </p>

    <p class='ocr_par' dir='ltr' id='par_1_11' title="bbox 25 3613 1176 3895">
     <span class='ocr_line' id='line_1_35' title="bbox 25 3613 1174 3691; baseline 0.001 -21"><span class='ocrx_word' id='word_1_319' title='bbox 25 3634 26 3657; x_wconf 76' lang='lat' dir='ltr'>t</span> <span class='ocrx_word' id='word_1_320' title='bbox 95 3613 191 3691; x_wconf 75' lang='lat' dir='ltr'>Suntsy</span> <span class='ocrx_word' id='word_1_321' title='bbox 207 3630 253 3675; x_wconf 87' lang='lat' dir='ltr'>eut</span> <span class='ocrx_word' id='word_1_322' title='bbox 272 3638 367 3675; x_wconf 90' lang='lat' dir='ltr'>connu</span> <span class='ocrx_word' id='word_1_323' title='bbox 387 3620 412 3672; x_wconf 89' lang='lat' dir='ltr'>le</span> <span class='ocrx_word' id='word_1_324' title='bbox 430 3617 585 3673; x_wconf 88' lang='lat' dir='ltr'>Manuscrit</span> <span class='ocrx_word' id='word_1_325' title='bbox 605 3619 640 3672; x_wconf 90' lang='lat' dir='ltr'>de</span> <span class='ocrx_word' id='word_1_326' title='bbox 660 3618 858 3680; x_wconf 84' lang='lat' dir='ltr'>Casaubon,·il</span> <span class='ocrx_word' id='word_1_327' title='bbox 879 3620 912 3671; x_wconf 84' lang='lat' dir='ltr'>en</span> <span class='ocrx_word' id='word_1_328' title='bbox 932 3630 977 3675; x_wconf 88' lang='lat' dir='ltr'>eut</span> <span class='ocrx_word' id='word_1_329' title='bbox 995 3618 1174 3689; x_wconf 79' lang='lat' dir='ltr'>prosndplus</span> 
     </span>
     <span class='ocr_line' id='line_1_36' title="bbox 97 3717 1176 3791; baseline 0.003 -23"><span class='ocrx_word' id='word_1_330' title='bbox 97 3720 228 3783; x_wconf 57' lang='lat' dir='ltr'>sument?</span> <span class='ocrx_word' id='word_1_331' title='bbox 244 3730 270 3774; x_wconf 91' lang='lat' dir='ltr'>et</span> <span class='ocrx_word' id='word_1_332' title='bbox 288 3718 405 3775; x_wconf 79' lang='lat' dir='ltr'>inferius</span> <span class='ocrx_word' id='word_1_333' title='bbox 422 3738 449 3791; x_wconf 86' lang='lat' dir='ltr'>p.</span> <span class='ocrx_word' id='word_1_334' title='bbox 466 3717 527 3773; x_wconf 78' lang='grc'><strong>338.</strong></span> <span class='ocrx_word' id='word_1_335' title='bbox 548 3738 599 3784; x_wconf 87' lang='lat' dir='ltr'>„ce</span> <span class='ocrx_word' id='word_1_336' title='bbox 620 3738 672 3791; x_wconf 87' lang='lat' dir='ltr'>que</span> <span class='ocrx_word' id='word_1_337' title='bbox 691 3720 826 3777; x_wconf 79' lang='lat' dir='ltr'>confirma</span> <span class='ocrx_word' id='word_1_338' title='bbox 844 3720 869 3789; x_wconf 88' lang='lat' dir='ltr'>je</span> <span class='ocrx_word' id='word_1_339' title='bbox 889 3719 977 3780; x_wconf 88' lang='lat' dir='ltr'>crois,</span> <span class='ocrx_word' id='word_1_340' title='bbox 1009 3739 1040 3773; x_wconf 87' lang='lat' dir='ltr'>ce</span> <span class='ocrx_word' id='word_1_341' title='bbox 1059 3739 1112 3790; x_wconf 85' lang='lat' dir='ltr'>que</span> <span class='ocrx_word' id='word_1_342' title='bbox 1131 3719 1176 3789; x_wconf 83' lang='lat' dir='ltr'>j&#39;ai</span> 
     </span>
     <span class='ocr_line' id='line_1_37' title="bbox 96 3808 1160 3895; baseline 0.005 -27"><span class='ocrx_word' id='word_1_343' title='bbox 96 3813 129 3869; x_wconf 87' lang='lat' dir='ltr'>dit</span> <span class='ocrx_word' id='word_1_344' title='bbox 143 3819 202 3889; x_wconf 76' lang='lat' dir='ltr'>qu’il</span> <span class='ocrx_word' id='word_1_345' title='bbox 220 3839 256 3875; x_wconf 90' lang='lat' dir='ltr'>ne</span> <span class='ocrx_word' id='word_1_346' title='bbox 275 3820 369 3892; x_wconf 85' lang='lat' dir='ltr'>parcit</span> <span class='ocrx_word' id='word_1_347' title='bbox 387 3839 434 3892; x_wconf 88' lang='lat' dir='ltr'>pas</span> <span class='ocrx_word' id='word_1_348' title='bbox 452 3820 532 3876; x_wconf 82' lang='lat' dir='ltr'>avoir</span> <span class='ocrx_word' id='word_1_349' title='bbox 551 3838 645 3876; x_wconf 84' lang='lat' dir='ltr'>connu</span> <span class='ocrx_word' id='word_1_350' title='bbox 671 3819 697 3874; x_wconf 87' lang='lat' dir='ltr'>le</span> <span class='ocrx_word' id='word_1_351' title='bbox 714 3819 778 3895; x_wconf 75' lang='lat' dir='ltr'>MS.</span> <span class='ocrx_word' id='word_1_352' title='bbox 794 3808 833 3873; x_wconf 59' lang='lat' dir='ltr'>&#39;de</span> <span class='ocrx_word' id='word_1_353' title='bbox 854 3820 1025 3874; x_wconf 83' lang='lat' dir='ltr'>Casaubon.”</span> <span class='ocrx_word' id='word_1_354' title='bbox 1043 3818 1090 3889; x_wconf 79' lang='grc'>**)</span> <span class='ocrx_word' id='word_1_355' title='bbox 1156 3819 1160 3826; x_wconf 85' lang='grc'>’</span> 
     </span>
    </p>
   </div>
   <div class='ocr_carea' id='block_1_4' title="bbox 25 4016 1179 4125">
    <p class='ocr_par' dir='ltr' id='par_1_12' title="bbox 25 4016 1179 4125">
     <span class='ocr_line' id='line_1_38' title="bbox 25 4016 1179 4125; baseline 0.007 -25"><span class='ocrx_word' id='word_1_356' title='bbox 25 4090 26 4125; x_wconf 40' lang='lat' dir='ltr'>p</span> <span class='ocrx_word' id='word_1_357' title='bbox 73 4040 109 4111; x_wconf 63' lang='lat' dir='ltr'>“l</span> <span class='ocrx_word' id='word_1_358' title='bbox 126 4045 263 4123; x_wconf 80' lang='lat' dir='ltr'>Postquam</span> <span class='ocrx_word' id='word_1_359' title='bbox 287 4053 359 4109; x_wconf 89' lang='lat' dir='ltr'>bano</span> <span class='ocrx_word' id='word_1_360' title='bbox 385 4053 580 4125; x_wconf 72' lang='lat' dir='ltr'>praesalionem</span> <span class='ocrx_word' id='word_1_361' title='bbox 612 4050 683 4123; x_wconf 85' lang='lat' dir='ltr'>typis</span> <span class='ocrx_word' id='word_1_362' title='bbox 706 4051 912 4121; x_wconf 79' lang='lat' dir='ltr'>mandaveram,</span> <span class='ocrx_word' id='word_1_363' title='bbox 941 4024 1009 4125; x_wconf 76' lang='lat' dir='ltr'>ipse¹</span> <span class='ocrx_word' id='word_1_364' title='bbox 1027 4016 1179 4108; x_wconf 74' lang='lat' dir='ltr'>Casanboni</span> 
     </span>
    </p>
   </div>
   <div class='ocr_carea' id='block_1_5' title="bbox 101 4145 1260 4329">
    <p class='ocr_par' dir='ltr' id='par_1_13' title="bbox 101 4145 1260 4329">
     <span class='ocr_line' id='line_1_39' title="bbox 102 4145 1260 4225; baseline 0.009 -29"><span class='ocrx_word' id='word_1_365' title='bbox 102 4145 210 4204; x_wconf 82' lang='lat' dir='ltr'>codicem</span> <span class='ocrx_word' id='word_1_366' title='bbox 227 4152 339 4207; x_wconf 82' lang='lat' dir='ltr'>Parisiis</span> <span class='ocrx_word' id='word_1_367' title='bbox 364 4153 477 4225; x_wconf 79' lang='lat' dir='ltr'>inspexi.</span> <span class='ocrx_word' id='word_1_368' title='bbox 527 4154 571 4208; x_wconf 78' lang='lat' dir='ltr'>Ac</span> <span class='ocrx_word' id='word_1_369' title='bbox 595 4152 687 4223; x_wconf 82' lang='lat' dir='ltr'>primo</span> <span class='ocrx_word' id='word_1_370' title='bbox 709 4152 819 4223; x_wconf 87' lang='lat' dir='ltr'>quidem</span> <span class='ocrx_word' id='word_1_371' title='bbox 843 4161 967 4205; x_wconf 86' lang='lat' dir='ltr'>neutram</span> <span class='ocrx_word' id='word_1_372' title='bbox 988 4170 1101 4205; x_wconf 90' lang='lat' dir='ltr'>manum</span> <span class='ocrx_word' id='word_1_373' title='bbox 1125 4154 1181 4205; x_wconf 73' lang='lat' dir='ltr'>(ia-</span> <span class='ocrx_word' id='word_1_374' title='bbox 1256 4162 1260 4171; x_wconf 90' lang='lat'><em>&#39;</em></span> 
     </span>
     <span class='ocr_line' id='line_1_40' title="bbox 101 4246 1180 4329; baseline 0.004 -27"><span class='ocrx_word' id='word_1_375' title='bbox 101 4246 200 4304; x_wconf 73' lang='lat' dir='ltr'>usbon</span> <span class='ocrx_word' id='word_1_376' title='bbox 217 4272 273 4308; x_wconf 82' lang='lat' dir='ltr'>esse</span> <span class='ocrx_word' id='word_1_377' title='bbox 294 4252 408 4309; x_wconf 85' lang='lat' dir='ltr'>credidi.</span> <span class='ocrx_word' id='word_1_378' title='bbox 444 4253 499 4308; x_wconf 87' lang='lat' dir='ltr'>Sed</span> <span class='ocrx_word' id='word_1_379' title='bbox 518 4272 581 4309; x_wconf 87' lang='lat' dir='ltr'>eum</span> <span class='ocrx_word' id='word_1_380' title='bbox 602 4252 654 4329; x_wconf 74' lang='lat' dir='ltr'>plia</span> <span class='ocrx_word' id='word_1_381' title='bbox 669 4251 727 4307; x_wconf 90' lang='lat' dir='ltr'>eius</span> <span class='ocrx_word' id='word_1_382' title='bbox 746 4254 844 4324; x_wconf 84' lang='lat' dir='ltr'>scripta</span> <span class='ocrx_word' id='word_1_383' title='bbox 859 4252 986 4305; x_wconf 88' lang='lat' dir='ltr'>indubiae</span> <span class='ocrx_word' id='word_1_384' title='bbox 999 4252 1061 4306; x_wconf 79' lang='lat' dir='ltr'>lidei</span> <span class='ocrx_word' id='word_1_385' title='bbox 1080 4254 1180 4307; x_wconf 83' lang='lat' dir='ltr'>ibidem</span> 
     </span>
    </p>
   </div>
   <div class='ocr_carea' id='block_1_6' title="bbox 856 4360 897 4467">
    <p class='ocr_par' dir='ltr' id='par_1_14' title="bbox 856 4360 897 4467">
     <span class='ocr_line' id='line_1_41' title="bbox 856 4360 897 4467; baseline 0 0"><span class='ocrx_word' id='word_1_386' title='bbox 856 4360 897 4467; x_wconf 69' lang='lat' dir='ltr'>ba</span> 
     </span>
    </p>
   </div>
   <div class='ocr_carea' id='block_1_7' title="bbox 0 0 1361 4836">
    <p class='ocr_par' dir='ltr' id='par_1_15' title="bbox 0 0 1361 4836">
     <span class='ocr_line' id='line_1_42' title="bbox 0 0 1361 4836; baseline 0 0"><span class='ocrx_word' id='word_1_387' title='bbox 0 0 1361 4836; x_wconf 95' lang='lat' dir='ltr'> </span> 
     </span>
    </p>
   </div>
  </div>
 </body>
</html>
