2674 4836
213 231 340 285 ωσι
452 284 458 297 ,
643 211 683 284 G
707 206 917 287 RElSlGll

210 387 353 469 vestigia
379 379 647 467 entisuophicae
679 385 914 467 responsionis
947 377 1263 467 deprehenduntnr,
1289 398 1317 445 su

212 474 313 535 etiam
324 471 359 531 in
375 484 537 529 sonorum
550 463 772 530 similitudine
788 480 823 530 et
835 465 913 530 lusu
926 463 1143 557 syllabarum,
1166 488 1195 532 r.
1207 467 1317 529 90090

210 555 344 620 Deinde
363 556 437 638 ipsa
457 570 616 616 versuum
634 554 739 618 trium
753 554 907 635 priorum
923 555 1091 615 sententia
1106 552 1317 615 obscuriores

209 659 311 724 quam
333 650 372 707 ut
397 634 595 701 mendorum
613 638 840 722 suspicionem
862 632 981 722 procul
1002 633 1127 703 habere
1148 639 1265 720 possis
1298 630 1317 701 l

209 734 323 789 autern
341 724 376 785 in
401 724 579 787 sententiis
607 740 674 783 non
703 719 912 784 desideretur
937 724 1134 804 quicquam,
1168 721 1317 783 tamenin

210 802 307 894 digni
334 805 504 892 Aeschylo
532 817 611 869 sunt
638 807 836 869 inconcinni
870 825 1027 869 versuum
1056 807 1208 884 numeri,
1242 798 1318 891 quali

209 914 242 958 v.
254 895 330 958 900.
345 909 395 972 sq.
416 891 592 965 habemuS‚
625 898 658 952 et
679 906 819 974 prorsus
838 886 1065 953 intolerabilis
1086 892 1193 965 ictus,
1225 892 1318 975 quiet

208 981 246 1042 in
270 971 533 1062 ultima'spllaba
553 972 600 1037 ὅτι
624 976 725 1038 vocis,
778 972 933 1055 lienique
954 996 1022 1037 non
1043 985 1123 1038 sunt
1143 976 1318 1058 praetermit

208 1058 337 1126 tendae'
354 1059 522 1123 librorum
537 1059 782 1145 discrepantiae
795 1060 895 1121 initio
913 1080 943 1123 v.
959 1064 1033 1123 901.
1047 1070 1080 1124 et
1094 1061 1168 1121 909Ἱ
1185 1057 1249 1122 fine
1268 1057 1318 1120 bau

210 1165 292 1214 tane
315 1147 465 1228 exiguae.

293 1229 406 1312 Atque
428 1248 546 1292 corum
565 1226 720 1310 quidem,
749 1226 871 1308 quibus
889 1226 1032 1313 stropha
1060 1228 1273 1291 contineatur
1289 1246 1318 1287 ne

209 1331 305 1381 casse
317 1326 380 1388 est,
401 1311 489 1375 baud
505 1312 614 1376 facilis
628 1307 804 1394 expeditio
820 1321 882 1374 est.
927 1312 1028 1393 Quod
1042 1313 1132 1375 enirn
1148 1308 1319 1374 abScbutri

209 1406 458 1464 construuntur
470 1400 535 1460 sic:
562 1398 630 1477 ἐμοὶ
643 1393 681 1461 οὐ
695 1396 799 1474 δέδια,
828 1395 877 1460 ὅτι
892 1391 908 1459 ὃ
922 1396 980 1475 μὲν
991 1393 1111 1475 ὁμαλὸς
1121 1390 1223 1478 γάμος
1237 1390 1319 1479 doadi

208 1484 311 1560 torn,
339 1482 376 1547 id
398 1498 471 1545 turn
491 1484 533 1543 ab
547 1480 660 1564 lingua
673 1476 799 1542 falsum
815 1492 884 1554 est,
911 1485 1070 1562 quoniam
1085 1479 1282 1543 Latinorum
1300 1498 1319 1543 et

208 1589 280 1632 nou
292 1568 502 1634 Graecorum
525 1564 677 1630 struendi
691 1583 797 1649 genus
810 1564 897 1627 δέδια
911 1567 997 1645 ἐμοί,
1027 1577 1098 1628 tum
1113 1567 1155 1626 ab
1175 1567 1319 1629 sententia

139 1714 147 1729 ,
209 1657 351 1718 ratione.
384 1653 572 1713 llaecenim
586 1649 663 1713 talis
680 1652 794 1734 potius
807 1662 1041 1734 exspectatur:
1063 1649 1147 1712 rnihi
1162 1654 1319 1715 nontimu

208 1742 287 1820 quia
308 1735 416 1799 nullas
434 1739 498 1798 nisi
521 1733 676 1817 aequales
697 1736 831 1819 nuptias
845 1749 967 1817 oppeto.
1024 1734 1097 1798 Nec
1113 1738 1240 1819 magis,
1269 1754 1319 1818 quo

207 1821 360 1888 Amaldo
380 1821 523 1906 placuit,
558 1820 623 1884 ὅτε
644 1819 823 1881 satisfacit:
854 1826 931 1880 milri
958 1844 1056 1903 quum
1079 1852 1120 1868 -·
1148 1828 1281 1896 evenietg
1306 1821 1319 1878 it

210 1911 302 1970 enim
319 1914 604 1989 supervacaneum
626 1912 683 1964 aut
703 1903 825 1984 ἄφοβος
842 1913 893 1966 est
911 1915 969 1967 aut
986 1903 1024 1966 οδ
1044 1902 1140 1968 δέδια.
1181 1902 1320 1967 lieleudt

208 2004 289 2058 sunt
312 1999 424 2052 autem
446 1993 578 2073 priores
599 1985 735 2050 litterae
755 1989 827 2065 ἐμοί
843 1991 1073 2070 pronominis,
1100 1997 1199 2052 ortae
1217 1986 1320 2053 torus

208 2095 253 2141 ex
267 2092 370 2161 supra
384 2075 511 2160 scripta
528 2073 727 2135 bemicborii
743 2081 822 2133 nota
833 2068 926 2141 ἮΜ.
954 2073 1002 2135 lta
1017 2093 1134 2137 versus
1146 2077 1222 2136 exit
1235 2078 1320 2138 iotuu

131 2210 136 2217 ·
208 2159 373 2246 elegantia
388 2176 468 2222 sane
484 2175 586 2241 quam
602 2155 896 2221 commendabilis:

374 2268 444 2328 οἶδ’
462 2270 518 2328 ὅτι
536 2272 591 2344 μὲν
608 2268 714 2343 δμαλδς
733 2268 748 2326 ὃ
767 2267 859 2344 γοῖμδς
875 2268 993 2341 ἄφοβος.

165 2414 171 2431 =
206 2377 311 2444 Nunc
324 2395 461 2441 rursum
475 2374 653 2438 haeremus
674 2376 710 2436 in
726 2372 762 2435 οδ·
777 2374 862 2437 δέδια
876 2374 1007 2447 verbis,
1035 2372 1155 2455 quibus
1174 2386 1245 2439 tarn
1258 2392 1321 2461 prat

205 2461 315 2529 fracte
333 2464 453 2549 positis
468 2480 534 2521 non
551 2461 663 2544 potuit
679 2460 868 2520 continuari
885 2461 1011 2520 oratio:
1034 2459 1105 2521 αι’·δέ
1118 2472 1213 2522 certe
1229 2458 1321 2522 desidi

207 2561 314 2614 ratur.
371 2544 589 2608 intercidisse
614 2556 723 2605 autern
744 2540 870 2625 aliquid
884 2540 1096 2626 antistropha
1115 2545 1234 2607 docet:
1269 2560 1321 2626 qun

207 2631 308 2720 quale
323 2634 384 2711 sit,
406 2630 554 2692 indidem
570 2625 725 2715 colligas,
751 2629 887 2711 quando
901 2630 1007 2709 quiin
1021 2628 1125 2709 ἄπορα
1140 2628 1271 2711 πόριμος
1282 2646 1321 2690 cet

207 2721 302 2784 nitur
317 2714 520 2806 syllabarum
535 2711 641 2793 lusus,
665 2716 808 2775 eundem
820 2710 995 2794 probabile
1011 2723 1062 2776 est
1076 2712 1189 2776 locum
1206 2715 1321 2776 habuis!

206 2806 243 2870 in
260 2796 425 2885 stropha.¹
451 2801 526 2945 ἳοει
541 2802 575 2860 in
592 2818 628 2859 re
641 2797 763 2882 aliquis
779 2814 859 2861 usus
881 2808 931 2861 est
946 2794 1095 2861 eiusdem
1110 2798 1240 2862 codicis
1254 2799 1321 2879 Regi

208 2890 305 2955 cuius
327 2906 393 2967 ope
413 2904 442 2946 v.
480 2886 529 2946 98.
551 2885 801 2945 emendabatur.
862 2880 1072 2944 Documento
1093 2886 1183 2945 enim
1200 2894 1252 2947 est
1268 2879 1321 2944 illir

208 2975 275 3039 scri
303 2982 380 3033 tura
398 2966 471 3031 οὐδὲ
484 2967 634 3049 διανομὴ
650 2968 701 3046 δι’,
725 2965 939 3028 intercidisse
961 2964 1089 3050 aliquid
1110 2971 1202 3030 inter
1220 2969 1321 3033 δίδιαι

207 2993 305 3139 petil,
332 3054 424 3136 quod
446 3070 520 3114 esse
548 3052 626 3113 Δΐα
656 3051 804 3114 videtur:
837 3051 1118 3130 quemadmodum
1142 3050 1321 3133 βούλωμαι

208 3142 288 3209 Δῖον
307 3138 481 3223 legebatur
504 3159 533 3201 v.
550 3138 638 3212 620„
653 3136 702 3199 ’τδ
723 3138 803 3198 Δῖον
824 3132 912 3213 ὄμμα
936 3156 966 3197 r.
981 3139 1069 3216 655.‚
1101 3134 1205 3216 στόμα
1224 3138 1261 3201 οδ
1281 3136 1321 3199 Ji

152 3284 157 3303 ,
208 3229 347 3293 21032.
406 3218 761 3285 similituninem
787 3220 882 3284 ΝΟΣ
900 3229 1098 3306 corruptum
1118 3233 1171 3285 est
1193 3222 1305 3285 Atos
1319 3224 1321 3277 f

207 3331 278 3377 uno
296 3309 421 3373 codice.
467 3302 677 3371 Geminanda
690 3317 859 3395 praeterea
871 3302 1048 3393 disyllaba
1063 3319 1133 3384 est,
1155 3320 1189 3369 et
1204 3306 1242 3371 οὐ
1255 3306 1321 3369 leni

208 3399 293 3463 sima
321 3392 507 3455 mutatione
533 3391 798 3453 convertendum
828 3392 862 3451 in
888 3390 965 3469 δτι,
995 3396 1029 3453 in
1059 3394 1227 3478 proximis
1250 3402 1321 3454 aute

207 3480 364 3548 ascienda
385 3487 476 3538 certa
494 3473 675 3538 Hermanni
695 3473 899 3547 emendati0,
935 3487 973 3539 ut
995 3475 1036 3538 ad
1060 3478 1247 3563 pristinum
1267 3479 1321 3538 nit·

207 3586 282 3641 tem
296 3566 346 3628 sic
362 3564 471 3623 omnia
488 3572 640 3621 reuocata
653 3562 737 3623 sint:

361 3657 414 3715 ὅτι
433 3658 470 3712 dt
488 3658 587 3712 δέδια
605 3662 690 3710 Διά·
708 3657 791 3728 μηδ’
812 3656 974 3729 ἄφυκτον

263 3738 270 3755 ’
463 3736 693 3813 κρεισσόνων
711 3747 805 3795 θεῶν
829 3744 914 3811 ἔρως
1084 3728 1089 3749 ⁶

562 3823 659 3899 ὄμμα
677 3844 718 3897 με
742 3826 1001 3899 προσδροκιίη.

295 3930 335 3992 V.
351 3933 425 3994 908.
449 3948 516 3991 nou
531 3937 582 3991 est
596 3928 637 3989 de
653 3926 772 4001 nihilo,
792 3928 884 4012 quod
900 3931 987 4009 apud
1002 3927 1240 3997 Robortellum
1254 3936 1321 3996 omi

209 4014 398 4081 sumr’est.
453 4014 526 4077 Nec
538 4015 628 4077 enim
643 4010 726 4075 lerri
741 4016 795 4077 liic
812 4024 940 4098 potest,
970 4016 1046 4108 quia
1060 4017 1151 4094 quod
1167 4020 1321 4081 annectit

209 4098 350 4184 copula,
381 4096 510 4179 θρόνοι,
537 4117 606 4160 non
629 4097 770 4181 adauget
793 4096 847 4163 sel
865 4096 1046 4185 amplibcat
1057 4103 1220 4163 ambitum
1236 4106 1321 4186 prior

209 4190 373 4255 notionis,
410 4184 469 4249 sed
491 4201 570 4267 pars
599 4194 649 4245 est
678 4183 878 4267 tyrannidis.
941 4182 1159 4247 constructio
1177 4190 1321 4250 verboru

209 4268 293 4335 baec
311 4281 377 4337 est:
399 4270 581 4351 rupuauu'rloc
594 4268 720 4345 ἐκβαλεῖ
729 4268 837 4335 ἄϊστον
850 4264 987 4351 θρόνων.
