<?xml version="1.0" encoding="UTF-8"?>
<!DOCTYPE html PUBLIC "-//W3C//DTD XHTML 1.0 Transitional//EN"
    "http://www.w3.org/TR/xhtml1/DTD/xhtml1-transitional.dtd">
<html xmlns="http://www.w3.org/1999/xhtml" xml:lang="en" lang="en">
 <head>
  <title>
</title>
<meta http-equiv="Content-Type" content="text/html;charset=utf-8" />
  <meta name='ocr-system' content='tesseract 3.04.00' />
  <meta name='ocr-capabilities' content='ocr_page ocr_carea ocr_par ocr_line ocrx_word'/>
</head>
<body>
  <div class='ocr_page' id='page_1' title='image "apparatuscritic00abregoog_0059.png"; bbox 0 0 2686 4836; ppageno 0'>
   <div class='ocr_carea' id='block_1_1' title="bbox 32 1905 260 1989">
    <p class='ocr_par' dir='ltr' id='par_1_1' title="bbox 32 1905 260 1989">
     <span class='ocr_line' id='line_1_1' title="bbox 32 1905 260 1989; baseline -0.031 -7"><span class='ocrx_word' id='word_1_1' title='bbox 32 1976 36 1982; x_wconf 84' lang='lat'>.</span> <span class='ocrx_word' id='word_1_2' title='bbox 150 1905 260 1989; x_wconf 83' lang='lat' dir='ltr'><em>iecla,</em></span> 
     </span>
    </p>
   </div>
   <div class='ocr_carea' id='block_1_2' title="bbox 93 190 1333 1800">
    <p class='ocr_par' dir='ltr' id='par_1_2' title="bbox 161 190 897 271">
     <span class='ocr_line' id='line_1_2' title="bbox 161 190 897 271; baseline 0 0"><span class='ocrx_word' id='word_1_3' title='bbox 161 213 220 271; x_wconf 86' lang='lat'><em>111</em></span> <span class='ocrx_word' id='word_1_4' title='bbox 593 190 897 271; x_wconf 77' lang='lat' dir='ltr'><strong>PRAEFATIO.</strong></span> 
     </span>
    </p>

    <p class='ocr_par' dir='ltr' id='par_1_3' title="bbox 93 358 1333 1800">
     <span class='ocr_line' id='line_1_3' title="bbox 160 358 1317 473; baseline 0.002 -28"><span class='ocrx_word' id='word_1_5' title='bbox 160 364 1097 469; x_wconf 66' lang='lat' dir='ltr'><em>montnhocgeneretacaaoteprodttlttmaeius</em></span> <span class='ocrx_word' id='word_1_6' title='bbox 1115 382 1149 445; x_wconf 91' lang='lat' dir='ltr'><em>et</em></span> <span class='ocrx_word' id='word_1_7' title='bbox 1167 358 1317 473; x_wconf 65' lang='lat' dir='ltr'><em>elegan-</em></span> 
     </span>
     <span class='ocr_line' id='line_1_4' title="bbox 160 467 1317 575; baseline 0.007 -30"><span class='ocrx_word' id='word_1_8' title='bbox 160 467 248 551; x_wconf 88' lang='lat' dir='ltr'><em>tius.</em></span> <span class='ocrx_word' id='word_1_9' title='bbox 312 471 461 548; x_wconf 84' lang='lat' dir='ltr'><em>Debent</em></span> <span class='ocrx_word' id='word_1_10' title='bbox 480 471 597 575; x_wconf 73' lang='lat' dir='ltr'><em>utiq</em></span> <span class='ocrx_word' id='word_1_11' title='bbox 767 470 962 545; x_wconf 88' lang='lat' dir='ltr'><em>literarum</em></span> <span class='ocrx_word' id='word_1_12' title='bbox 977 472 1196 575; x_wconf 85' lang='lat' dir='ltr'><em>politiorum</em></span> <span class='ocrx_word' id='word_1_13' title='bbox 1215 479 1317 553; x_wconf 87' lang='lat' dir='ltr'><em>anti-</em></span> 
     </span>
     <span class='ocr_line' id='line_1_5' title="bbox 93 574 1333 679; baseline 0.005 -31"><span class='ocrx_word' id='word_1_14' title='bbox 93 652 97 665; x_wconf 61' lang='lat'>‚</span> <span class='ocrx_word' id='word_1_15' title='bbox 158 600 185 677; x_wconf 78' lang='lat' dir='ltr'><em>q</em></span> <span class='ocrx_word' id='word_1_16' title='bbox 304 601 322 649; x_wconf 90' lang='lat' dir='ltr'><em>e</em></span> <span class='ocrx_word' id='word_1_17' title='bbox 344 575 552 677; x_wconf 87' lang='lat' dir='ltr'><em>sapientiae</em></span> <span class='ocrx_word' id='word_1_18' title='bbox 578 601 599 647; x_wconf 89' lang='lat' dir='ltr'><em>s</em></span> <span class='ocrx_word' id='word_1_19' title='bbox 676 574 700 592; x_wconf 72' lang='lat'><em>&#39;⁹</em></span> <span class='ocrx_word' id='word_1_20' title='bbox 748 585 937 648; x_wconf 84' lang='lat' dir='ltr'><em>censentur</em></span> <span class='ocrx_word' id='word_1_21' title='bbox 967 585 1114 648; x_wconf 89' lang='lat' dir='ltr'><em>tontum</em></span> <span class='ocrx_word' id='word_1_22' title='bbox 1138 591 1333 679; x_wconf 51' lang='lat' dir='ltr'><em>quantum,</em></span> 
     </span>
     <span class='ocr_line' id='line_1_6' title="bbox 158 673 1317 778; baseline 0.006 -28"><span class='ocrx_word' id='word_1_23' title='bbox 158 703 226 750; x_wconf 75' lang='lat' dir='ltr'><em>ecs</em></span> <span class='ocrx_word' id='word_1_24' title='bbox 265 676 380 751; x_wconf 76' lang='lat' dir='ltr'><em>vendo</em></span> <span class='ocrx_word' id='word_1_25' title='bbox 392 704 468 751; x_wconf 83' lang='lat' dir='ltr'><em>noo</em></span> <span class='ocrx_word' id='word_1_26' title='bbox 485 687 585 751; x_wconf 87' lang='lat' dir='ltr'><em>sunt.</em></span> <span class='ocrx_word' id='word_1_27' title='bbox 643 673 754 752; x_wconf 84' lang='lat' dir='ltr'><em>Nam</em></span> <span class='ocrx_word' id='word_1_28' title='bbox 768 688 802 750; x_wconf 92' lang='lat' dir='ltr'><em>et</em></span> <span class='ocrx_word' id='word_1_29' title='bbox 817 687 947 778; x_wconf 84' lang='lat' dir='ltr'><em>poetae</em></span> <span class='ocrx_word' id='word_1_30' title='bbox 958 677 1218 753; x_wconf 69' lang='lat' dir='ltr'><em>obscurissimi</em></span> <span class='ocrx_word' id='word_1_31' title='bbox 1227 682 1317 757; x_wconf 87' lang='lat' dir='ltr'><em>locis</em></span> 
     </span>
     <span class='ocr_line' id='line_1_7' title="bbox 158 776 1333 884; baseline 0.005 -32"><span class='ocrx_word' id='word_1_32' title='bbox 158 776 318 876; x_wconf 82' lang='lat' dir='ltr'><em>infinitis</em></span> <span class='ocrx_word' id='word_1_33' title='bbox 331 781 459 884; x_wconf 87' lang='lat' dir='ltr'><em>facem</em></span> <span class='ocrx_word' id='word_1_34' title='bbox 481 777 726 881; x_wconf 81' lang='lat' dir='ltr'><em>praeluxisti,</em></span> <span class='ocrx_word' id='word_1_35' title='bbox 761 790 795 852; x_wconf 92' lang='lat' dir='ltr'><em>et</em></span> <span class='ocrx_word' id='word_1_36' title='bbox 811 778 1000 880; x_wconf 87' lang='lat' dir='ltr'><em>plurimas</em></span> <span class='ocrx_word' id='word_1_37' title='bbox 1043 781 1154 855; x_wconf 88' lang='lat' dir='ltr'><em>uibus</em></span> <span class='ocrx_word' id='word_1_38' title='bbox 1176 783 1333 858; x_wconf 50' lang='lat' dir='ltr'><em>obsitus¹</em></span> 
     </span>
     <span class='ocr_line' id='line_1_8' title="bbox 156 874 1333 985; baseline 0.004 -30"><span class='ocrx_word' id='word_1_39' title='bbox 156 874 238 955; x_wconf 82' lang='lat' dir='ltr'><em>erat</em></span> <span class='ocrx_word' id='word_1_40' title='bbox 256 881 361 957; x_wconf 91' lang='lat' dir='ltr'><em>labes</em></span> <span class='ocrx_word' id='word_1_41' title='bbox 374 883 410 956; x_wconf 89' lang='lat' dir='ltr'><em>ei</em></span> <span class='ocrx_word' id='word_1_42' title='bbox 427 881 651 966; x_wconf 67' lang='lat' dir='ltr'><em>abstersisti,</em></span> <span class='ocrx_word' id='word_1_43' title='bbox 684 905 729 953; x_wconf 89' lang='lat' dir='ltr'><em>ne</em></span> <span class='ocrx_word' id='word_1_44' title='bbox 742 908 840 954; x_wconf 90' lang='lat' dir='ltr'><em>nunc</em></span> <span class='ocrx_word' id='word_1_45' title='bbox 855 879 978 954; x_wconf 86' lang='lat' dir='ltr'><em>dicam</em></span> <span class='ocrx_word' id='word_1_46' title='bbox 1055 882 1249 985; x_wconf 83' lang='lat' dir='ltr'><em>interprete</em></span> <span class='ocrx_word' id='word_1_47' title='bbox 1260 914 1333 960; x_wconf 64' lang='lat' dir='ltr'><em>oe·</em></span> 
     </span>
     <span class='ocr_line' id='line_1_9' title="bbox 154 981 1317 1087; baseline 0.005 -30"><span class='ocrx_word' id='word_1_48' title='bbox 154 994 271 1069; x_wconf 90' lang='lat' dir='ltr'><em>tusto,</em></span> <span class='ocrx_word' id='word_1_49' title='bbox 300 1011 406 1087; x_wconf 78' lang='lat' dir='ltr'><em>quem</em></span> <span class='ocrx_word' id='word_1_50' title='bbox 424 983 592 1086; x_wconf 89' lang='lat' dir='ltr'><em>princeps</em></span> <span class='ocrx_word' id='word_1_51' title='bbox 610 981 830 1083; x_wconf 89' lang='lat' dir='ltr'><em>publicasti,</em></span> <span class='ocrx_word' id='word_1_52' title='bbox 861 1010 942 1056; x_wconf 92' lang='lat' dir='ltr'><em>cum</em></span> <span class='ocrx_word' id='word_1_53' title='bbox 961 1011 1102 1081; x_wconf 73' lang='lat' dir='ltr'><em>magno</em></span> <span class='ocrx_word' id='word_1_54' title='bbox 1115 989 1173 1059; x_wconf 91' lang='lat' dir='ltr'><em>rei</em></span> <span class='ocrx_word' id='word_1_55' title='bbox 1184 986 1317 1063; x_wconf 74' lang='lat' dir='ltr'><em>le‘tera·</em></span> 
     </span>
     <span class='ocr_line' id='line_1_10' title="bbox 155 1082 1333 1188; baseline 0.005 -30"><span class='ocrx_word' id='word_1_56' title='bbox 155 1086 236 1159; x_wconf 89' lang='lat' dir='ltr'><em>riae</em></span> <span class='ocrx_word' id='word_1_57' title='bbox 247 1086 395 1188; x_wconf 81' lang='lat' dir='ltr'><em>fructu.</em></span> <span class='ocrx_word' id='word_1_58' title='bbox 447 1086 549 1161; x_wconf 89' lang='lat' dir='ltr'><em>Hinc</em></span> <span class='ocrx_word' id='word_1_59' title='bbox 565 1082 683 1158; x_wconf 89' lang='lat' dir='ltr'><em>simul</em></span> <span class='ocrx_word' id='word_1_60' title='bbox 703 1110 749 1158; x_wconf 90' lang='lat' dir='ltr'><em>ac</em></span> <span class='ocrx_word' id='word_1_61' title='bbox 766 1084 978 1186; x_wconf 78' lang='lat' dir='ltr'><em>scriptorem</em></span> <span class='ocrx_word' id='word_1_62' title='bbox 995 1085 1107 1162; x_wconf 88' lang='lat' dir='ltr'><em>illum</em></span> <span class='ocrx_word' id='word_1_63' title='bbox 1116 1102 1333 1188; x_wconf 66' lang='lat' dir='ltr'><em>praestan-2</em></span> 
     </span>
     <span class='ocr_line' id='line_1_11' title="bbox 153 1183 1318 1294; baseline 0.002 -32"><span class='ocrx_word' id='word_1_64' title='bbox 153 1183 440 1262; x_wconf 75' lang='lat' dir='ltr'><em>lessirnum&#39;oidi</em></span> <span class='ocrx_word' id='word_1_65' title='bbox 456 1199 490 1261; x_wconf 91' lang='lat' dir='ltr'><em>et</em></span> <span class='ocrx_word' id='word_1_66' title='bbox 509 1186 640 1272; x_wconf 83' lang='lat' dir='ltr'><em>eooloi,</em></span> <span class='ocrx_word' id='word_1_67' title='bbox 671 1196 705 1259; x_wconf 88' lang='lat' dir='ltr'><em>te</em></span> <span class='ocrx_word' id='word_1_68' title='bbox 717 1198 854 1259; x_wconf 81' lang='lat' dir='ltr'><em>¹amare</em></span> <span class='ocrx_word' id='word_1_69' title='bbox 872 1189 974 1288; x_wconf 90' lang='lat' dir='ltr'><em>coepi</em></span> <span class='ocrx_word' id='word_1_70' title='bbox 990 1199 1023 1260; x_wconf 90' lang='lat' dir='ltr'><em>et</em></span> <span class='ocrx_word' id='word_1_71' title='bbox 1036 1193 1318 1294; x_wconf 73' lang='lat' dir='ltr'><em>magnifacere,</em></span> 
     </span>
     <span class='ocr_line' id='line_1_12' title="bbox 153 1285 1318 1392; baseline 0.004 -29"><span class='ocrx_word' id='word_1_72' title='bbox 153 1285 337 1392; x_wconf 79' lang='lat' dir='ltr'><em>buiusque</em></span> <span class='ocrx_word' id='word_1_73' title='bbox 353 1290 427 1362; x_wconf 91' lang='lat' dir='ltr'><em>mei</em></span> <span class='ocrx_word' id='word_1_74' title='bbox 446 1291 488 1363; x_wconf 87' lang='lat' dir='ltr'><em>in</em></span> <span class='ocrx_word' id='word_1_75' title='bbox 506 1300 540 1363; x_wconf 90' lang='lat' dir='ltr'><em>tc</em></span> <span class='ocrx_word' id='word_1_76' title='bbox 560 1285 682 1362; x_wconf 89' lang='lat' dir='ltr'><em>studii</em></span> <span class='ocrx_word' id='word_1_77' title='bbox 696 1315 743 1361; x_wconf 92' lang='lat' dir='ltr'><em>ac</em></span> <span class='ocrx_word' id='word_1_78' title='bbox 755 1288 959 1362; x_wconf 75' lang='lat' dir='ltr'><em>uoluntatis</em></span> <span class='ocrx_word' id='word_1_79' title='bbox 972 1290 1202 1391; x_wconf 76' lang='lat' dir='ltr'><em>interpretem</em></span> <span class='ocrx_word' id='word_1_80' title='bbox 1216 1290 1274 1367; x_wconf 89' lang='lat' dir='ltr'><em>ad</em></span> <span class='ocrx_word' id='word_1_81' title='bbox 1284 1308 1318 1367; x_wconf 89' lang='lat' dir='ltr'><em>te</em></span> 
     </span>
     <span class='ocr_line' id='line_1_13' title="bbox 152 1388 1320 1490; baseline 0.006 -25"><span class='ocrx_word' id='word_1_82' title='bbox 152 1391 331 1490; x_wconf 65' lang='lat' dir='ltr'><em>ablegari</em></span> <span class='ocrx_word' id='word_1_83' title='bbox 353 1404 442 1465; x_wconf 88' lang='lat' dir='ltr'><em>ante</em></span> <span class='ocrx_word' id='word_1_84' title='bbox 468 1388 538 1466; x_wconf 85' lang='lat' dir='ltr'><em>bos</em></span> <span class='ocrx_word' id='word_1_85' title='bbox 567 1391 675 1464; x_wconf 85' lang='lat' dir='ltr'><em>binos</em></span> <span class='ocrx_word' id='word_1_86' title='bbox 703 1417 825 1465; x_wconf 90' lang='lat' dir='ltr'><em>annos</em></span> <span class='ocrx_word' id='word_1_87' title='bbox 849 1418 968 1465; x_wconf 89' lang='lat' dir='ltr'><em>meum</em></span> <span class='ocrx_word' id='word_1_88' title='bbox 990 1391 1219 1477; x_wconf 69' lang='lat' dir='ltr'><em>Hesiodum</em></span> <span class='ocrx_word' id='word_1_89' title='bbox 1249 1396 1320 1471; x_wconf 88' lang='lat' dir='ltr'><em>sed</em></span> 
     </span>
     <span class='ocr_line' id='line_1_14' title="bbox 152 1488 1316 1615; baseline 0.003 -47"><span class='ocrx_word' id='word_1_90' title='bbox 152 1507 314 1593; x_wconf 80' lang='lat' dir='ltr'><em>eventum</em></span> <span class='ocrx_word' id='word_1_91' title='bbox 335 1521 411 1567; x_wconf 86' lang='lat' dir='ltr'><em>non</em></span> <span class='ocrx_word' id='word_1_92' title='bbox 434 1488 663 1615; x_wconf 88' lang='lat' dir='ltr'><em>respondisse</em></span> <span class='ocrx_word' id='word_1_93' title='bbox 679 1493 878 1566; x_wconf 75' lang='lat' dir='ltr'><em>meisootis</em></span> <span class='ocrx_word' id='word_1_94' title='bbox 899 1520 944 1568; x_wconf 90' lang='lat' dir='ltr'><em>ac</em></span> <span class='ocrx_word' id='word_1_95' title='bbox 959 1492 1149 1569; x_wconf 74' lang='lat' dir='ltr'><em>voluntati</em></span> <span class='ocrx_word' id='word_1_96' title='bbox 1161 1525 1237 1571; x_wconf 89' lang='lat' dir='ltr'><em>non</em></span> <span class='ocrx_word' id='word_1_97' title='bbox 1258 1504 1316 1572; x_wconf 88' lang='lat' dir='ltr'><em>ita</em></span> 
     </span>
     <span class='ocr_line' id='line_1_15' title="bbox 148 1592 1316 1701; baseline 0.006 -33"><span class='ocrx_word' id='word_1_98' title='bbox 148 1594 293 1701; x_wconf 84' lang='lat' dir='ltr'><em>pridem</em></span> <span class='ocrx_word' id='word_1_99' title='bbox 322 1623 370 1670; x_wconf 79' lang='lat' dir='ltr'><em>ex</em></span> <span class='ocrx_word' id='word_1_100' title='bbox 396 1592 603 1672; x_wconf 71' lang='lat' dir='ltr'><em>docemini</em></span> <span class='ocrx_word' id='word_1_101' title='bbox 620 1592 764 1669; x_wconf 89' lang='lat' dir='ltr'><em>Merici</em></span> <span class='ocrx_word' id='word_1_102' title='bbox 779 1595 900 1668; x_wconf 89' lang='lat' dir='ltr'><em>literis</em></span> <span class='ocrx_word' id='word_1_103' title='bbox 922 1598 1095 1693; x_wconf 78' lang='lat' dir='ltr'><em>cognooi;</em></span> <span class='ocrx_word' id='word_1_104' title='bbox 1129 1597 1188 1672; x_wconf 89' lang='lat' dir='ltr'><em>ad</em></span> <span class='ocrx_word' id='word_1_105' title='bbox 1215 1598 1316 1675; x_wconf 87' lang='lat' dir='ltr'><em>bunc</em></span> 
     </span>
     <span class='ocr_line' id='line_1_16' title="bbox 151 1697 1315 1800; baseline 0.004 -28"><span class='ocrx_word' id='word_1_106' title='bbox 151 1701 248 1772; x_wconf 86' lang='lat' dir='ltr'><em>enim</em></span> <span class='ocrx_word' id='word_1_107' title='bbox 265 1726 331 1800; x_wconf 89' lang='lat' dir='ltr'><em>per</em></span> <span class='ocrx_word' id='word_1_108' title='bbox 353 1712 497 1774; x_wconf 86' lang='lat' dir='ltr'><em>nostros</em></span> <span class='ocrx_word' id='word_1_109' title='bbox 520 1710 723 1799; x_wconf 75' lang='lat' dir='ltr'><em>vestrosque</em></span> <span class='ocrx_word' id='word_1_110' title='bbox 746 1697 973 1797; x_wconf 76' lang='lat' dir='ltr'><em>bibliopolas</em></span> <span class='ocrx_word' id='word_1_111' title='bbox 988 1700 1117 1771; x_wconf 89' lang='lat' dir='ltr'><em>curari</em></span> <span class='ocrx_word' id='word_1_112' title='bbox 1131 1701 1315 1777; x_wconf 86' lang='lat' dir='ltr'><em>iusseram</em></span> 
     </span>
    </p>
   </div>
   <div class='ocr_carea' id='block_1_3' title="bbox 143 1797 1317 2005">
    <p class='ocr_par' dir='ltr' id='par_1_4' title="bbox 143 1797 1317 2005">
     <span class='ocr_line' id='line_1_17' title="bbox 143 1797 1317 1904; baseline 0.005 -30"><span class='ocrx_word' id='word_1_113' title='bbox 143 1801 386 1904; x_wconf 83' lang='lat' dir='ltr'><em>fasciculum,</em></span> <span class='ocrx_word' id='word_1_114' title='bbox 412 1805 453 1876; x_wconf 88' lang='lat' dir='ltr'><em>in</em></span> <span class='ocrx_word' id='word_1_115' title='bbox 467 1827 572 1904; x_wconf 81' lang='lat' dir='ltr'><em>quern</em></span> <span class='ocrx_word' id='word_1_116' title='bbox 586 1800 733 1901; x_wconf 80' lang='lat' dir='ltr'><em>aliquot</em></span> <span class='ocrx_word' id='word_1_117' title='bbox 747 1797 906 1873; x_wconf 78' lang='lat' dir='ltr'><em>Hesiodi</em></span> <span class='ocrx_word' id='word_1_118' title='bbox 917 1800 1088 1900; x_wconf 74' lang='lat' dir='ltr'><em>exemplo</em></span> <span class='ocrx_word' id='word_1_119' title='bbox 1102 1816 1211 1876; x_wconf 86' lang='lat' dir='ltr'><em>erant</em></span> <span class='ocrx_word' id='word_1_120' title='bbox 1226 1832 1317 1879; x_wconf 86' lang='lat' dir='ltr'><em>con-</em></span> 
     </span>
     <span class='ocr_line' id='line_1_18' title="bbox 316 1898 1316 2005; baseline 0.004 -28"><span class='ocrx_word' id='word_1_121' title='bbox 316 1905 358 1977; x_wconf 91' lang='lat' dir='ltr'><em>ui</em></span> <span class='ocrx_word' id='word_1_122' title='bbox 372 1905 491 1978; x_wconf 87' lang='lat' dir='ltr'><em>nescio</em></span> <span class='ocrx_word' id='word_1_123' title='bbox 511 1898 666 2005; x_wconf 78' lang='lat' dir='ltr'><em>quorum</em></span> <span class='ocrx_word' id='word_1_124' title='bbox 688 1898 880 1976; x_wconf 82' lang='lat' dir='ltr'><em>le&#39;ominum</em></span> <span class='ocrx_word' id='word_1_125' title='bbox 901 1900 1061 2002; x_wconf 88' lang='lat' dir='ltr'><em>perfidio</em></span> <span class='ocrx_word' id='word_1_126' title='bbox 1077 1902 1316 1982; x_wconf 87' lang='lat' dir='ltr'><em>interciderit.</em></span> 
     </span>
    </p>
   </div>
   <div class='ocr_carea' id='block_1_4' title="bbox 148 1931 1316 2210">
    <p class='ocr_par' dir='ltr' id='par_1_5' title="bbox 148 1931 1316 2210">
     <span class='ocr_line' id='line_1_19' title="bbox 148 1931 1315 2109; baseline -0.003 -27"><span class='ocrx_word' id='word_1_127' title='bbox 148 2004 263 2082; x_wconf 86' lang='lat' dir='ltr'><em>Nunc</em></span> <span class='ocrx_word' id='word_1_128' title='bbox 284 1931 371 2080; x_wconf 76' lang='lat' dir='ltr'><em>laic·</em></span> <span class='ocrx_word' id='word_1_129' title='bbox 389 2032 493 2109; x_wconf 33' lang='lat' dir='ltr'><em>&#39;quae</em></span> <span class='ocrx_word' id='word_1_130' title='bbox 513 2006 666 2108; x_wconf 88' lang='lat' dir='ltr'><em>inopino</em></span> <span class='ocrx_word' id='word_1_131' title='bbox 688 2031 727 2078; x_wconf 85' lang='lat' dir='ltr'><em>se</em></span> <span class='ocrx_word' id='word_1_132' title='bbox 749 2004 834 2089; x_wconf 88' lang='lat' dir='ltr'><em>dat,</em></span> <span class='ocrx_word' id='word_1_133' title='bbox 872 2006 1060 2078; x_wconf 89' lang='lat' dir='ltr'><em>occasioni</em></span> <span class='ocrx_word' id='word_1_134' title='bbox 1080 2008 1315 2084; x_wconf 69' lang='lat' dir='ltr'><em>serviendum</em></span> 
     </span>
     <span class='ocr_line' id='line_1_20' title="bbox 148 2104 1316 2210; baseline 0.004 -27"><span class='ocrx_word' id='word_1_135' title='bbox 148 2109 381 2189; x_wconf 49' lang='lat' dir='ltr'><em>existimas&amp;</em></span> <span class='ocrx_word' id='word_1_136' title='bbox 413 2136 503 2180; x_wconf 92' lang='lat' dir='ltr'><em>nam</em></span> <span class='ocrx_word' id='word_1_137' title='bbox 522 2133 601 2184; x_wconf 92' lang='lat' dir='ltr'><em>cum</em></span> <span class='ocrx_word' id='word_1_138' title='bbox 620 2105 677 2180; x_wconf 93' lang='lat' dir='ltr'><em>ad</em></span> <span class='ocrx_word' id='word_1_139' title='bbox 696 2131 759 2181; x_wconf 76' lang='lat' dir='ltr'><em>uos</em></span> <span class='ocrx_word' id='word_1_140' title='bbox 780 2104 975 2179; x_wconf 89' lang='lat' dir='ltr'><em>contendat</em></span> <span class='ocrx_word' id='word_1_141' title='bbox 991 2108 1134 2182; x_wconf 80' lang='lat' dir='ltr'><em>iuvenis</em></span> <span class='ocrx_word' id='word_1_142' title='bbox 1147 2111 1316 2210; x_wconf 75' lang='lat' dir='ltr'><em>insignis</em></span> 
     </span>
    </p>
   </div>
   <div class='ocr_carea' id='block_1_5' title="bbox 9 2184 1333 2490">
    <p class='ocr_par' dir='ltr' id='par_1_6' title="bbox 9 2184 1333 2490">
     <span class='ocr_line' id='line_1_21' title="bbox 9 2184 1314 2297; baseline 0.001 -10"><span class='ocrx_word' id='word_1_143' title='bbox 9 2206 11 2223; x_wconf 74' lang='grc'><em>’</em></span> <span class='ocrx_word' id='word_1_144' title='bbox 147 2184 315 2286; x_wconf 68' lang='lat' dir='ltr'><em>Ioannes</em></span> <span class='ocrx_word' id='word_1_145' title='bbox 334 2205 510 2297; x_wconf 86' lang='lat' dir='ltr'><em>Crucius‚</em></span> <span class='ocrx_word' id='word_1_146' title='bbox 545 2211 581 2287; x_wconf 85' lang='lat' dir='ltr'><em>I.</em></span> <span class='ocrx_word' id='word_1_147' title='bbox 594 2210 644 2287; x_wconf 89' lang='lat' dir='ltr'><em>U.</em></span> <span class='ocrx_word' id='word_1_148' title='bbox 657 2208 713 2287; x_wconf 87' lang='lat' dir='ltr'><em>D.</em></span> <span class='ocrx_word' id='word_1_149' title='bbox 734 2205 949 2297; x_wconf 81' lang='lat' dir='ltr'><em>Abrabami</em></span> <span class='ocrx_word' id='word_1_150' title='bbox 966 2208 1145 2285; x_wconf 85' lang='lat' dir='ltr'><em>Hoidani</em></span> <span class='ocrx_word' id='word_1_151' title='bbox 1162 2210 1314 2288; x_wconf 76' lang='lat' dir='ltr'><em>tlceolo-</em></span> 
     </span>
     <span class='ocr_line' id='line_1_22' title="bbox 146 2306 1333 2490; baseline 0.003 -102"><span class='ocrx_word' id='word_1_152' title='bbox 146 2314 235 2435; x_wconf 71' lang='lat' dir='ltr'><em>giae</em></span> <span class='ocrx_word' id='word_1_153' title='bbox 258 2314 483 2490; x_wconf 46' lang='lat' dir='ltr'><em>przessoris</em></span> <span class='ocrx_word' id='word_1_154' title='bbox 514 2314 555 2386; x_wconf 87' lang='lat' dir='ltr'><em>in</em></span> <span class='ocrx_word' id='word_1_155' title='bbox 579 2310 773 2386; x_wconf 82' lang='lat' dir='ltr'><em>academia</em></span> <span class='ocrx_word' id='word_1_156' title='bbox 797 2306 1053 2409; x_wconf 68' lang='lat' dir='ltr'><em>lugdunensi</em></span> <span class='ocrx_word' id='word_1_157' title='bbox 1077 2314 1333 2391; x_wconf 50' lang='lat' dir='ltr'><em>excellentis·¹</em></span> 
     </span>
    </p>
   </div>
   <div class='ocr_carea' id='block_1_6' title="bbox 91 2412 1333 4371">
    <p class='ocr_par' dir='ltr' id='par_1_7' title="bbox 91 2412 1333 4371">
     <span class='ocr_line' id='line_1_23' title="bbox 146 2412 1333 2517; baseline 0.003 -29"><span class='ocrx_word' id='word_1_158' title='bbox 146 2417 239 2489; x_wconf 82' lang='lat' dir='ltr'><em>semi</em></span> <span class='ocrx_word' id='word_1_159' title='bbox 248 2444 292 2489; x_wconf 87' lang='lat' dir='ltr'><em>ac</em></span> <span class='ocrx_word' id='word_1_160' title='bbox 339 2418 347 2435; x_wconf 76' lang='lat'><em>⁶</em></span> <span class='ocrx_word' id='word_1_161' title='bbox 365 2416 541 2488; x_wconf 86' lang='lat' dir='ltr'><em>ertissirni</em></span> <span class='ocrx_word' id='word_1_162' title='bbox 552 2442 600 2489; x_wconf 77' lang='lat' dir='ltr'><em>ex</em></span> <span class='ocrx_word' id='word_1_163' title='bbox 599 2412 695 2511; x_wconf 83' lang='lat' dir='ltr'><em>filia</em></span> <span class='ocrx_word' id='word_1_164' title='bbox 710 2441 838 2517; x_wconf 89' lang='lat' dir='ltr'><em>nepos,</em></span> <span class='ocrx_word' id='word_1_165' title='bbox 863 2413 932 2515; x_wconf 76' lang='lat' dir='ltr'><em>qui</em></span> <span class='ocrx_word' id='word_1_166' title='bbox 950 2424 983 2485; x_wconf 87' lang='lat' dir='ltr'><em>te</em></span> <span class='ocrx_word' id='word_1_167' title='bbox 998 2415 1075 2486; x_wconf 89' lang='lat' dir='ltr'><em>iam</em></span> <span class='ocrx_word' id='word_1_168' title='bbox 1089 2415 1235 2516; x_wconf 85' lang='lat' dir='ltr'><em>pridem</em></span> <span class='ocrx_word' id='word_1_169' title='bbox 1249 2446 1314 2492; x_wconf 88' lang='lat' dir='ltr'><em>co-</em></span> <span class='ocrx_word' id='word_1_170' title='bbox 1330 2434 1333 2453; x_wconf 68' lang='lat'><strong>¹</strong></span> 
     </span>
     <span class='ocr_line' id='line_1_24' title="bbox 91 2513 1313 2620; baseline 0.004 -30"><span class='ocrx_word' id='word_1_171' title='bbox 91 2584 101 2590; x_wconf 90' lang='lat'>.</span> <span class='ocrx_word' id='word_1_172' title='bbox 148 2518 241 2592; x_wconf 85' lang='lat' dir='ltr'><em>litet</em></span> <span class='ocrx_word' id='word_1_173' title='bbox 261 2518 492 2604; x_wconf 75' lang='lat' dir='ltr'><em>admiratur,</em></span> <span class='ocrx_word' id='word_1_174' title='bbox 530 2543 722 2620; x_wconf 82' lang='lat' dir='ltr'><em>coramque</em></span> <span class='ocrx_word' id='word_1_175' title='bbox 750 2515 919 2590; x_wconf 76' lang='lat' dir='ltr'><em>venerari</em></span> <span class='ocrx_word' id='word_1_176' title='bbox 943 2513 1148 2604; x_wconf 87' lang='lat' dir='ltr'><em>desiderat,</em></span> <span class='ocrx_word' id='word_1_177' title='bbox 1189 2520 1313 2595; x_wconf 86' lang='lat' dir='ltr'><em>literis</em></span> 
     </span>
     <span class='ocr_line' id='line_1_25' title="bbox 146 2615 1312 2723; baseline 0.002 -28"><span class='ocrx_word' id='word_1_178' title='bbox 146 2623 258 2695; x_wconf 92' lang='lat' dir='ltr'><em>etiam</em></span> <span class='ocrx_word' id='word_1_179' title='bbox 294 2621 532 2723; x_wconf 74' lang='lat' dir='ltr'><em>politioribus</em></span> <span class='ocrx_word' id='word_1_180' title='bbox 560 2631 749 2694; x_wconf 88' lang='lat' dir='ltr'><em>strenuom</em></span> <span class='ocrx_word' id='word_1_181' title='bbox 783 2616 849 2692; x_wconf 91' lang='lat' dir='ltr'><em>diu</em></span> <span class='ocrx_word' id='word_1_182' title='bbox 882 2615 1034 2690; x_wconf 74' lang='lat' dir='ltr'><em>navavit</em></span> <span class='ocrx_word' id='word_1_183' title='bbox 1061 2645 1229 2720; x_wconf 86' lang='lat' dir='ltr'><em>operam,</em></span> <span class='ocrx_word' id='word_1_184' title='bbox 1276 2638 1312 2697; x_wconf 88' lang='lat' dir='ltr'><em>et</em></span> 
     </span>
     <span class='ocr_line' id='line_1_26' title="bbox 146 2714 1333 2819; baseline 0.002 -23"><span class='ocrx_word' id='word_1_185' title='bbox 146 2724 258 2796; x_wconf 86' lang='lat' dir='ltr'><em>etiam</em></span> <span class='ocrx_word' id='word_1_186' title='bbox 291 2750 389 2797; x_wconf 86' lang='lat' dir='ltr'><em>nunc</em></span> <span class='ocrx_word' id='word_1_187' title='bbox 420 2736 553 2810; x_wconf 78' lang='lat' dir='ltr'><em>norat,</em></span> <span class='ocrx_word' id='word_1_188' title='bbox 590 2723 669 2797; x_wconf 88' lang='lat' dir='ltr'><em>eius</em></span> <span class='ocrx_word' id='word_1_189' title='bbox 687 2714 789 2819; x_wconf 82' lang='lat' dir='ltr'><em>fidei</em></span> <span class='ocrx_word' id='word_1_190' title='bbox 818 2719 988 2794; x_wconf 89' lang='lat' dir='ltr'><em>commisi</em></span> <span class='ocrx_word' id='word_1_191' title='bbox 1013 2717 1129 2793; x_wconf 88' lang='lat' dir='ltr'><em>aliud</em></span> <span class='ocrx_word' id='word_1_192' title='bbox 1148 2725 1333 2817; x_wconf 81' lang='lat' dir='ltr'><em>Hesiodi</em></span> 
     </span>
     <span class='ocr_line' id='line_1_27' title="bbox 145 2818 1313 2926; baseline 0 -24"><span class='ocrx_word' id='word_1_193' title='bbox 145 2826 336 2926; x_wconf 74' lang='lat' dir='ltr'><em>exemplar</em></span> <span class='ocrx_word' id='word_1_194' title='bbox 346 2826 418 2900; x_wconf 91' lang='lat' dir='ltr'><em>tibi</em></span> <span class='ocrx_word' id='word_1_195' title='bbox 432 2823 671 2908; x_wconf 85' lang='lat' dir='ltr'><em>tradendum,</em></span> <span class='ocrx_word' id='word_1_196' title='bbox 697 2827 800 2896; x_wconf 86' lang='lat' dir='ltr'><em>euius</em></span> <span class='ocrx_word' id='word_1_197' title='bbox 821 2821 943 2895; x_wconf 88' lang='lat' dir='ltr'><em>adieci</em></span> <span class='ocrx_word' id='word_1_198' title='bbox 954 2818 1128 2897; x_wconf 83' lang='lat' dir='ltr'><em>Lucioni</em></span> <span class='ocrx_word' id='word_1_199' title='bbox 1141 2823 1313 2902; x_wconf 75' lang='lat' dir='ltr'><em>Pseudo!</em></span> 
     </span>
     <span class='ocr_line' id='line_1_28' title="bbox 143 2918 1310 3033; baseline -0.01 -30"><span class='ocrx_word' id='word_1_200' title='bbox 143 2925 351 3029; x_wconf 76' lang='lat' dir='ltr'><em>sophistam</em></span> <span class='ocrx_word' id='word_1_201' title='bbox 373 2918 414 3002; x_wconf 86' lang='lat' dir='ltr'><em>in</em></span> <span class='ocrx_word' id='word_1_202' title='bbox 440 2957 546 3033; x_wconf 81' lang='lat' dir='ltr'><em>quem</em></span> <span class='ocrx_word' id='word_1_203' title='bbox 570 2923 935 3000; x_wconf 81' lang='lat' dir='ltr'><em>animadversionum</em></span> <span class='ocrx_word' id='word_1_204' title='bbox 955 2936 988 2997; x_wconf 86' lang='lat' dir='ltr'><em>et</em></span> <span class='ocrx_word' id='word_1_205' title='bbox 1008 2937 1183 3000; x_wconf 86' lang='lat' dir='ltr'><em>notarum</em></span> <span class='ocrx_word' id='word_1_206' title='bbox 1206 2957 1310 3004; x_wconf 71' lang='lat' dir='ltr'><em>nm-</em></span> 
     </span>
     <span class='ocr_line' id='line_1_29' title="bbox 144 3022 1310 3134; baseline 0.001 -31"><span class='ocrx_word' id='word_1_207' title='bbox 144 3028 248 3107; x_wconf 88' lang='lat' dir='ltr'><em>nihil</em></span> <span class='ocrx_word' id='word_1_208' title='bbox 268 3034 499 3134; x_wconf 82' lang='lat' dir='ltr'><em>scripseram.</em></span> <span class='ocrx_word' id='word_1_209' title='bbox 572 3028 806 3101; x_wconf 87' lang='lat' dir='ltr'><em>Erubescunt</em></span> <span class='ocrx_word' id='word_1_210' title='bbox 829 3024 975 3130; x_wconf 78' lang='lat' dir='ltr'><em>quidem</em></span> <span class='ocrx_word' id='word_1_211' title='bbox 1002 3022 1049 3098; x_wconf 86' lang='lat' dir='ltr'><em>bi</em></span> <span class='ocrx_word' id='word_1_212' title='bbox 1075 3027 1200 3103; x_wconf 88' lang='lat' dir='ltr'><em>libelli</em></span> <span class='ocrx_word' id='word_1_213' title='bbox 1221 3044 1310 3111; x_wconf 72' lang='lat' dir='ltr'><em>tuos</em></span> 
     </span>
     <span class='ocr_line' id='line_1_30' title="bbox 142 3126 1333 3235; baseline 0.005 -28"><span class='ocrx_word' id='word_1_214' title='bbox 142 3134 266 3207; x_wconf 89' lang='lat' dir='ltr'><em>subire</em></span> <span class='ocrx_word' id='word_1_215' title='bbox 278 3133 423 3214; x_wconf 87' lang='lat' dir='ltr'><em>oculos;</em></span> <span class='ocrx_word' id='word_1_216' title='bbox 447 3126 516 3209; x_wconf 89' lang='lat' dir='ltr'><em>sed</em></span> <span class='ocrx_word' id='word_1_217' title='bbox 526 3131 636 3207; x_wconf 89' lang='lat' dir='ltr'><em>missi</em></span> <span class='ocrx_word' id='word_1_218' title='bbox 649 3130 730 3204; x_wconf 91' lang='lat' dir='ltr'><em>alio</em></span> <span class='ocrx_word' id='word_1_219' title='bbox 743 3132 890 3203; x_wconf 89' lang='lat' dir='ltr'><em>nomine</em></span> <span class='ocrx_word' id='word_1_220' title='bbox 904 3157 979 3201; x_wconf 89' lang='lat' dir='ltr'><em>non</em></span> <span class='ocrx_word' id='word_1_221' title='bbox 996 3141 1105 3217; x_wconf 87' lang='lat' dir='ltr'><em>sunt,</em></span> <span class='ocrx_word' id='word_1_222' title='bbox 1126 3159 1240 3235; x_wconf 79' lang='lat' dir='ltr'><em>quam</em></span> <span class='ocrx_word' id='word_1_223' title='bbox 1263 3152 1310 3213; x_wconf 81' lang='lat' dir='ltr'><em>ut</em></span> <span class='ocrx_word' id='word_1_224' title='bbox 1332 3134 1333 3147; x_wconf 44' lang='lat'>¹</span> 
     </span>
     <span class='ocr_line' id='line_1_31' title="bbox 143 3233 1308 3336; baseline 0 -27"><span class='ocrx_word' id='word_1_225' title='bbox 143 3235 296 3310; x_wconf 90' lang='lat' dir='ltr'><em>editoris</em></span> <span class='ocrx_word' id='word_1_226' title='bbox 312 3234 477 3312; x_wconf 89' lang='lat' dir='ltr'><em>studium</em></span> <span class='ocrx_word' id='word_1_227' title='bbox 491 3235 697 3335; x_wconf 83' lang='lat' dir='ltr'><em>cultumque</em></span> <span class='ocrx_word' id='word_1_228' title='bbox 711 3260 784 3336; x_wconf 84' lang='lat' dir='ltr'><em>quo</em></span> <span class='ocrx_word' id='word_1_229' title='bbox 803 3244 836 3304; x_wconf 89' lang='lat' dir='ltr'><em>te</em></span> <span class='ocrx_word' id='word_1_230' title='bbox 848 3233 1103 3334; x_wconf 78' lang='lat' dir='ltr'><em>prosequitur,</em></span> <span class='ocrx_word' id='word_1_231' title='bbox 1128 3247 1308 3314; x_wconf 83' lang='lat' dir='ltr'><em>testatum</em></span> 
     </span>
     <span class='ocr_line' id='line_1_32' title="bbox 134 3333 1309 3442; baseline 0.002 -31"><span class='ocrx_word' id='word_1_232' title='bbox 134 3338 298 3442; x_wconf 86' lang='lat' dir='ltr'><em>sociam.</em></span> <span class='ocrx_word' id='word_1_233' title='bbox 364 3338 412 3413; x_wconf 89' lang='lat' dir='ltr'><em>Si</em></span> <span class='ocrx_word' id='word_1_234' title='bbox 431 3338 627 3440; x_wconf 53' lang='lat' dir='ltr'><em>prolruam</em></span> <span class='ocrx_word' id='word_1_235' title='bbox 652 3336 762 3408; x_wconf 90' lang='lat' dir='ltr'><em>etiam</em></span> <span class='ocrx_word' id='word_1_236' title='bbox 791 3335 869 3408; x_wconf 90' lang='lat' dir='ltr'><em>eius</em></span> <span class='ocrx_word' id='word_1_237' title='bbox 898 3333 1123 3408; x_wconf 74' lang='lat' dir='ltr'><em>uoluntatem</em></span> <span class='ocrx_word' id='word_1_238' title='bbox 1152 3339 1239 3413; x_wconf 88' lang='lat' dir='ltr'><em>benc</em></span> <span class='ocrx_word' id='word_1_239' title='bbox 1258 3342 1309 3421; x_wconf 78' lang='lat' dir='ltr'><em>de</em></span> 
     </span>
     <span class='ocr_line' id='line_1_33' title="bbox 138 3435 1308 3544; baseline -0.007 -31"><span class='ocrx_word' id='word_1_240' title='bbox 138 3441 345 3542; x_wconf 83' lang='lat' dir='ltr'><em>praeclaris</em></span> <span class='ocrx_word' id='word_1_241' title='bbox 360 3443 507 3515; x_wconf 86' lang='lat' dir='ltr'><em>artibus</em></span> <span class='ocrx_word' id='word_1_242' title='bbox 521 3439 658 3514; x_wconf 86' lang='lat' dir='ltr'><em>nostris</em></span> <span class='ocrx_word' id='word_1_243' title='bbox 672 3435 836 3510; x_wconf 86' lang='lat' dir='ltr'><em>merendi</em></span> <span class='ocrx_word' id='word_1_244' title='bbox 848 3436 919 3508; x_wconf 90' lang='lat' dir='ltr'><em>tibi</em></span> <span class='ocrx_word' id='word_1_245' title='bbox 928 3436 1183 3537; x_wconf 76' lang='lat' dir='ltr'><em>probaverint,</em></span> <span class='ocrx_word' id='word_1_246' title='bbox 1200 3444 1308 3544; x_wconf 79' lang='lat' dir='ltr'><em>sun.</em></span> 
     </span>
     <span class='ocr_line' id='line_1_34' title="bbox 141 3538 1307 3646; baseline -0.009 -28"><span class='ocrx_word' id='word_1_247' title='bbox 141 3555 216 3618; x_wconf 84' lang='lat' dir='ltr'><em>ctos</em></span> <span class='ocrx_word' id='word_1_248' title='bbox 229 3572 267 3617; x_wconf 89' lang='lat' dir='ltr'><em>se</em></span> <span class='ocrx_word' id='word_1_249' title='bbox 283 3540 427 3646; x_wconf 80' lang='lat' dir='ltr'><em>officio,</em></span> <span class='ocrx_word' id='word_1_250' title='bbox 458 3557 491 3621; x_wconf 85' lang='lat' dir='ltr'><em>et</em></span> <span class='ocrx_word' id='word_1_251' title='bbox 501 3542 699 3643; x_wconf 88' lang='lat' dir='ltr'><em>auspicato</em></span> <span class='ocrx_word' id='word_1_252' title='bbox 712 3543 791 3612; x_wconf 89' lang='lat' dir='ltr'><em>iam</em></span> <span class='ocrx_word' id='word_1_253' title='bbox 806 3542 847 3612; x_wconf 88' lang='lat' dir='ltr'><em>in</em></span> <span class='ocrx_word' id='word_1_254' title='bbox 868 3539 982 3612; x_wconf 87' lang='lat' dir='ltr'><em>lucem</em></span> <span class='ocrx_word' id='word_1_255' title='bbox 991 3538 1176 3639; x_wconf 87' lang='lat' dir='ltr'><em>prodiisse</em></span> <span class='ocrx_word' id='word_1_256' title='bbox 1186 3559 1307 3645; x_wconf 76' lang='lat' dir='ltr'><em>puta-</em></span> 
     </span>
     <span class='ocr_line' id='line_1_35' title="bbox 139 3642 1306 3750; baseline -0.003 -30"><span class='ocrx_word' id='word_1_257' title='bbox 139 3647 242 3723; x_wconf 88' lang='lat' dir='ltr'><em>bunt.</em></span> <span class='ocrx_word' id='word_1_258' title='bbox 302 3646 374 3719; x_wconf 88' lang='lat' dir='ltr'><em>Sin</em></span> <span class='ocrx_word' id='word_1_259' title='bbox 398 3671 479 3720; x_wconf 82' lang='lat' dir='ltr'><em>oero</em></span> <span class='ocrx_word' id='word_1_260' title='bbox 495 3658 527 3720; x_wconf 88' lang='lat' dir='ltr'><em>et</em></span> <span class='ocrx_word' id='word_1_261' title='bbox 548 3658 652 3719; x_wconf 90' lang='lat' dir='ltr'><em>tuom</em></span> <span class='ocrx_word' id='word_1_262' title='bbox 667 3642 951 3716; x_wconf 72' lang='lat' dir='ltr'><em>benevolentiam</em></span> <span class='ocrx_word' id='word_1_263' title='bbox 965 3645 1000 3714; x_wconf 91' lang='lat' dir='ltr'><em>ei</em></span> <span class='ocrx_word' id='word_1_264' title='bbox 1009 3667 1218 3741; x_wconf 72' lang='lat' dir='ltr'><em>promouere</em></span> <span class='ocrx_word' id='word_1_265' title='bbox 1230 3677 1306 3750; x_wconf 83' lang='lat' dir='ltr'><em>po-</em></span> 
     </span>
     <span class='ocr_line' id='line_1_36' title="bbox 139 3741 1305 3848; baseline -0.009 -25"><span class='ocrx_word' id='word_1_266' title='bbox 139 3759 277 3831; x_wconf 88' lang='lat' dir='ltr'><em>terunt,</em></span> <span class='ocrx_word' id='word_1_267' title='bbox 303 3760 380 3821; x_wconf 85' lang='lat' dir='ltr'><em>tum</em></span> <span class='ocrx_word' id='word_1_268' title='bbox 396 3775 477 3823; x_wconf 75' lang='lat' dir='ltr'><em>vero</em></span> <span class='ocrx_word' id='word_1_269' title='bbox 492 3776 566 3822; x_wconf 92' lang='lat' dir='ltr'><em>non</em></span> <span class='ocrx_word' id='word_1_270' title='bbox 579 3746 700 3821; x_wconf 80' lang='lat' dir='ltr'><em>solum</em></span> <span class='ocrx_word' id='word_1_271' title='bbox 716 3771 795 3848; x_wconf 90' lang='lat' dir='ltr'><em>spe,</em></span> <span class='ocrx_word' id='word_1_272' title='bbox 817 3741 930 3818; x_wconf 85' lang='lat' dir='ltr'><em>sedet</em></span> <span class='ocrx_word' id='word_1_273' title='bbox 943 3745 1035 3817; x_wconf 80' lang='lat' dir='ltr'><em>votis</em></span> <span class='ocrx_word' id='word_1_274' title='bbox 1049 3748 1196 3820; x_wconf 84' lang='lat' dir='ltr'><em>maiora</em></span> <span class='ocrx_word' id='word_1_275' title='bbox 1213 3777 1305 3825; x_wconf 67' lang='lat' dir='ltr'><em>eon.</em></span> 
     </span>
     <span class='ocr_line' id='line_1_37' title="bbox 138 3844 1309 3952; baseline 0.004 -28"><span class='ocrx_word' id='word_1_276' title='bbox 138 3862 341 3952; x_wconf 75' lang='lat' dir='ltr'><em>sequentur.</em></span> <span class='ocrx_word' id='word_1_277' title='bbox 392 3849 445 3924; x_wconf 87' lang='lat' dir='ltr'><em>In</em></span> <span class='ocrx_word' id='word_1_278' title='bbox 458 3851 619 3925; x_wconf 87' lang='lat' dir='ltr'><em>Homero</em></span> <span class='ocrx_word' id='word_1_279' title='bbox 636 3844 848 3922; x_wconf 86' lang='lat' dir='ltr'><em>recensendo</em></span> <span class='ocrx_word' id='word_1_280' title='bbox 861 3872 959 3920; x_wconf 87' lang='lat' dir='ltr'><em>nunc</em></span> <span class='ocrx_word' id='word_1_281' title='bbox 974 3859 1073 3921; x_wconf 86' lang='lat' dir='ltr'><em>tolus</em></span> <span class='ocrx_word' id='word_1_282' title='bbox 1089 3875 1213 3929; x_wconf 77' lang='lat' dir='ltr'><em>eruens</em></span> <span class='ocrx_word' id='word_1_283' title='bbox 1234 3856 1309 3929; x_wconf 86' lang='lat' dir='ltr'><em>sed</em></span> 
     </span>
     <span class='ocr_line' id='line_1_38' title="bbox 139 3946 1305 4056; baseline 0.001 -30"><span class='ocrx_word' id='word_1_284' title='bbox 139 3980 196 4026; x_wconf 88' lang='lat' dir='ltr'><em>me</em></span> <span class='ocrx_word' id='word_1_285' title='bbox 223 3950 461 4027; x_wconf 87' lang='lat' dir='ltr'><em>retardarunt</em></span> <span class='ocrx_word' id='word_1_286' title='bbox 484 3953 685 4036; x_wconf 75' lang='lat' dir='ltr'><em>Elzeeirii,</em></span> <span class='ocrx_word' id='word_1_287' title='bbox 726 3952 794 4052; x_wconf 77' lang='lat' dir='ltr'><em>qui</em></span> <span class='ocrx_word' id='word_1_288' title='bbox 822 3946 1010 4022; x_wconf 74' lang='lat' dir='ltr'><em>tundendo</em></span> <span class='ocrx_word' id='word_1_289' title='bbox 1040 3947 1233 4056; x_wconf 78' lang='lat' dir='ltr'><em>effecerunt</em></span> <span class='ocrx_word' id='word_1_290' title='bbox 1259 3973 1305 4033; x_wconf 80' lang='lat' dir='ltr'><em>ut</em></span> 
     </span>
     <span class='ocr_line' id='line_1_39' title="bbox 135 4048 1304 4157; baseline 0.003 -29"><span class='ocrx_word' id='word_1_291' title='bbox 135 4083 273 4157; x_wconf 88' lang='lat' dir='ltr'><em>possus</em></span> <span class='ocrx_word' id='word_1_292' title='bbox 288 4057 361 4129; x_wconf 89' lang='lat' dir='ltr'><em>sim</em></span> <span class='ocrx_word' id='word_1_293' title='bbox 373 4052 472 4129; x_wconf 86' lang='lat' dir='ltr'><em>mibi</em></span> <span class='ocrx_word' id='word_1_294' title='bbox 486 4059 538 4130; x_wconf 90' lang='lat' dir='ltr'><em>im</em></span> <span class='ocrx_word' id='word_1_295' title='bbox 563 4055 630 4128; x_wconf 93' lang='lat' dir='ltr'><em>oni</em></span> <span class='ocrx_word' id='word_1_296' title='bbox 640 4080 732 4155; x_wconf 86' lang='lat' dir='ltr'><em>opus</em></span> <span class='ocrx_word' id='word_1_297' title='bbox 748 4051 956 4126; x_wconf 86' lang='lat' dir='ltr'><em>recensendi</em></span> <span class='ocrx_word' id='word_1_298' title='bbox 965 4048 1168 4141; x_wconf 84' lang='lat' dir='ltr'><em>Ciceronis,</em></span> <span class='ocrx_word' id='word_1_299' title='bbox 1194 4061 1304 4137; x_wconf 68' lang='lat' dir='ltr'><em>cutus</em></span> 
     </span>
     <span class='ocr_line' id='line_1_40' title="bbox 139 4153 1303 4240; baseline -0.005 -9"><span class='ocrx_word' id='word_1_300' title='bbox 139 4158 331 4232; x_wconf 86' lang='lat' dir='ltr'><em>editionem</em></span> <span class='ocrx_word' id='word_1_301' title='bbox 348 4186 481 4233; x_wconf 81' lang='lat' dir='ltr'><em>novam</em></span> <span class='ocrx_word' id='word_1_302' title='bbox 494 4188 520 4233; x_wconf 91' lang='lat' dir='ltr'><em>o</em></span> <span class='ocrx_word' id='word_1_303' title='bbox 571 4168 695 4230; x_wconf 90' lang='lat' dir='ltr'><em>rnant.</em></span> <span class='ocrx_word' id='word_1_304' title='bbox 745 4153 801 4229; x_wconf 88' lang='lat' dir='ltr'><em>Id</em></span> <span class='ocrx_word' id='word_1_305' title='bbox 811 4182 908 4229; x_wconf 87' lang='lat' dir='ltr'><em>nunc</em></span> <span class='ocrx_word' id='word_1_306' title='bbox 920 4153 1060 4240; x_wconf 84' lang='lat' dir='ltr'><em>studeo,</em></span> <span class='ocrx_word' id='word_1_307' title='bbox 1076 4183 1121 4230; x_wconf 86' lang='lat' dir='ltr'><em>ne</em></span> <span class='ocrx_word' id='word_1_308' title='bbox 1135 4160 1303 4237; x_wconf 68' lang='lat' dir='ltr'><em>inunm-</em></span> 
     </span>
     <span class='ocr_line' id='line_1_41' title="bbox 140 4256 1305 4371; baseline -0.01 -34"><span class='ocrx_word' id='word_1_309' title='bbox 140 4261 267 4337; x_wconf 84' lang='lat' dir='ltr'><em>datior</em></span> <span class='ocrx_word' id='word_1_310' title='bbox 288 4263 337 4336; x_wconf 84' lang='lat' dir='ltr'><em>sit</em></span> <span class='ocrx_word' id='word_1_311' title='bbox 357 4261 452 4337; x_wconf 86' lang='lat' dir='ltr'><em>aliis</em></span> <span class='ocrx_word' id='word_1_312' title='bbox 464 4287 560 4363; x_wconf 80' lang='lat' dir='ltr'><em>quae</em></span> <span class='ocrx_word' id='word_1_313' title='bbox 579 4257 739 4334; x_wconf 85' lang='lat' dir='ltr'><em>antebac</em></span> <span class='ocrx_word' id='word_1_314' title='bbox 749 4256 984 4361; x_wconf 81' lang='lat' dir='ltr'><em>prodierunt,</em></span> <span class='ocrx_word' id='word_1_315' title='bbox 1015 4272 1048 4334; x_wconf 90' lang='lat' dir='ltr'><em>et</em></span> <span class='ocrx_word' id='word_1_316' title='bbox 1064 4272 1105 4334; x_wconf 91' lang='lat' dir='ltr'><em>ut</em></span> <span class='ocrx_word' id='word_1_317' title='bbox 1120 4262 1305 4371; x_wconf 58' lang='lat' dir='ltr'><em>interpgg.</em></span> 
     </span>
    </p>
   </div>
   <div class='ocr_carea' id='block_1_7' title="bbox 0 0 1348 4836">
    <p class='ocr_par' dir='ltr' id='par_1_8' title="bbox 0 0 1348 4836">
     <span class='ocr_line' id='line_1_42' title="bbox 0 0 1348 4836; baseline 0 4"><span class='ocrx_word' id='word_1_318' title='bbox 0 0 1348 4836; x_wconf 95' lang='lat' dir='ltr'><em> </em></span> 
     </span>
    </p>
   </div>
  </div>
 </body>
</html>
