2686 4836
549 201 852 284 PRAEFATIO.

344 508 349 515 .
472 380 957 524 uomuissmdmo

324 597 364 675 Τ
398 600 452 683 E
537 601 569 676 S
606 600 645 677 Τ
684 596 722 673 Α
754 595 802 675 Ν
836 594 876 673 L
915 596 959 671 E
996 593 1023 671 1
1056 590 1096 674 0

429 763 522 840 rs
601 722 986 841 rosseos

466 990 472 1009 ,
598 926 758 997 ·S.P.

234 1108 282 1182 Si
311 1110 396 1213 quis
419 1136 476 1183 me
505 1108 549 1185 de
571 1112 762 1233 proposito
787 1121 852 1185 tuo
872 1106 922 1183 'in
944 1105 1170 1182 adornando
1196 1131 1308 1182 noan
1334 1098 1335 1115 ¹

131 1207 312 1310 Aeschyli
323 1212 479 1285 editione
493 1225 676 1288 certiorem
683 1214 855 1317 fecisset,
878 1215 936 1284 cir
950 1210 1191 1296 nobilissime,
1218 1212 1309 1283 uti·
1335 1276 1336 1283 ,

132 1343 201 1417 que
218 1312 293 1405 nori
308 1314 506 1417 defuissem
525 1319 673 1390 muneri
680 1342 770 1401 meo,
791 1314 1101 1414 libentissimequc
1114 1316 1310 1385 transmi-

133 1421 262 1490 sissem
276 1443 371 1517 quae
385 1414 506 1492 babeo
521 1416 634 1493 leuius
648 1419 785 1518 tragici
796 1416 1039 1517 exemplaria,
1060 1441 1105 1488 ac
1118 1416 1202 1486 item
1222 1416 1309 1487 illa

135 1520 229 1620 quae
246 1528 293 1592 ec
308 1518 463 1593 dirersis
484 1522 621 1594 alicnis
639 1522 729 1595 olim
752 1520 887 1617 collegi
899 1516 1096 1594 codicibus.
1155 1514 1310 1593 Verum

135 1648 216 1693 curn
240 1649 314 1694 non
335 1648 458 1695 eorum
481 1626 650 1726 sequaris
670 1622 876 1726 exemplum
899 1622 967 1724 qui
976 1626 1121 1721 'semper
1137 1622 1312 1722 promit-

135 1734 236 1808 tunt,
267 1734 299 1797 et
321 1751 512 1827 nunquam
530 1738 743 1828 praestant,
775 1721 844 1798 sed
862 1750 954 1825 opus
964 1722 1157 1826 perfeceris
1170 1724 1314 1822 prius-

135 1853 251 1928 quam
273 1825 375 1900 ullos
395 1830 452 1900 tui
467 1827 525 1901 ad
541 1856 608 1902 nos
624 1828 767 1902 laboris
780 1854 910 1901 sensus
926 1830 1116 1929 autfarna
1130 1828 1314 1924 perveni-

76 1990 81 1999 .
140 1940 209 2014 ret,
244 1952 291 2001 cx
308 1933 437 2002 animo
456 1927 562 2004 doleo
582 1956 657 2004 noa
677 1931 839 2033 potuisse
859 1954 916 2002 me
927 1929 1076 2030 priiato
1089 1923 1215 2034 officio
1229 1956 1315 2001 an-

138 2031 291 2131 ticipare
313 2027 358 2101 id
373 2027 477 2137 quod
490 2032 640 2133 publico
655 2032 848 2106 contulisti
866 2027 1092 2128 beneficium.
1116 2028 1315 2131 simulque

140 2133 349 2205 molestiam
385 2135 518 2232 eripere
547 2163 614 2256 per
646 2131 878 2238 appendicem
898 2128 1122 2235 praestandi
1141 2129 1185 2204 id
1201 2131 1320 2235 quod

143 2234 294 2307 iunctim
309 2246 342 2306 et
356 2236 553 2310 continente
571 2264 680 2338 opero
694 2235 860 2338 perficere
872 2236 1064 2337 potuisses.
1114 2229 1316 2333 Quando-

142 2333 291 2438 quidem
313 2348 435 2410 tamen
458 2339 531 2411 tibi
550 2340 637 2413 libet
656 2341 768 2413 istum
788 2337 986 2416 exantlare
1005 2336 1186 2422 laborem,
1227 2364 1315 2411 non

141 2441 433 2541 praetermittam
454 2442 572 2516 simul
593 2469 638 2516 ac
655 2440 712 2518 ad
728 2468 825 2515 meos
824 2444 951 2617 luero
967 2464 1145 2525 reversus,
1172 2438 1317 2541 plera·

144 2534 213 2643 pue
233 2568 328 2642 quae
354 2537 474 2618 babeo
492 2541 673 2644 Aeschyli
696 2570 823 2645 exemp
841 2545 930 2616 oria
952 2539 1121 2641 colligere
1142 2550 1176 2613 et
1195 2542 1259 2613 od
1281 2556 1319 2617 te

145 2644 402 2719 transmittere.
460 2642 652 2720 Gaudebis
672 2649 805 2749 opinor
822 2646 888 2719 ubi
910 2642 1043 2717 videris
1063 2655 1142 2716 tam
1161 2644 1319 2719 multas

146 2756 232 2819 tuos
248 2748 471 2823 coniecturas
490 2751 710 2825 auctoritate
734 2746 896 2823 codicum
911 2743 1082 2842 firmari,
1114 2745 1319 2849 multaque

143 2860 329 2951 praeterea
350 2850 433 2922 alia
466 2851 567 2937 loca,
604 2862 698 2955 quae
720 2851 867 2932 nullum
887 2844 1092 2921 humanum
1114 2848 1320 2947 ingenium

24 3016 33 3039 ,
149 2950 270 3022 caleat
281 2949 486 3036 emendare,
491 2954 658 3055 feliciter
670 2950 872 3026 admodum
887 2948 1018 3023 eriode
1030 2976 1136 3050 posse
1150 2956 1320 3043 restitui.

146 3050 200 3124 In
215 3050 431 3126 Prometleeo
448 3067 610 3157 quatuor
630 3081 752 3129 versus
771 3051 977 3129 desiderari
996 3080 1117 3126 verum
1138 3063 1209 3138 est,
1243 3054 1325 3128 sed

148 3152 251 3255 quod
262 3153 306 3228 de
316 3154 533 3256 Χοηφόρων
548 3159 657 3232 initio
674 3155 899 3256 significauit
917 3152 1110 3228 tibiDom.
1126 3151 1322 3245 Peorson,

150 3257 193 3328 id
208 3256 307 3330 inale
320 3258 560 3345 intellectum,
585 3261 718 3363 quippe
735 3261 776 3335 in
792 3258 961 3334 omnibus
975 3284 1067 3363 quos
1085 3253 1165 3329 otdt
1175 3256 1323 3334 MStis

150 3359 424 3459 exemplaribus
441 3359 732 3462 Agamemnonis
747 3374 779 3435 et
792 3355 1009 3461 xenaiam
1028 3355 1245 3458 tragoediae
1273 3363 1323 3436 in

151 3490 266 3533 unam
288 3462 470 3550 ooaluere,
504 3461 668 3566 deestque
689 3464 840 3539 omnino
863 3475 895 3537 et
907 3460 1197 3561 Agamemnonis
1208 3459 1325 3558 finis

149 3575 182 3635 et
192 3564 318 3665 princi
340 3566 416 3636 ium
430 3564 586 3640 alterius
601 3564 832 3665 tragoediae,
865 3566 956 3669 quia
971 3590 1095 3666 nempe
1109 3563 1150 3636 in
1167 3562 1241 3636 illo
1251 3592 1323 3638 co-

150 3664 227 3737 dice
240 3593 338 3741 oali
348 3665 492 3768 reliqua
501 3667 733 3769 exemplaria
745 3678 1011 3768 permanaront
1025 3693 1139 3740 unum
1153 3677 1186 3739 et
1198 3666 1327 3765 aliud

141 3769 285 3869 forsan
297 3767 444 3871 folium
463 3771 636 3870 perierat.
702 3768 822 3844 Porro
844 3768 931 3841 etsi
950 3770 991 3842 in
1012 3766 1105 3841 aliis
1116 3780 1320 3869 poetarum

150 3868 331 3943 Graeciae
351 3873 617 3961 monumentis,
648 3899 744 3975 quae
770 3883 810 3944 ut
831 3867 946 3945 audio
969 3867 1222 3945 emendatiora
1238 3870 1325 3946 luci

151 3971 295 4045 tradere
315 3969 526 4056 meditaris,
561 3985 688 4049 nostra
718 3974 790 4047 tibi
806 3970 974 4075 prodesse
992 3974 1137 4075 possint
1158 3972 1323 4067 scrinia,

151 4101 264 4174 aeque
284 4074 356 4147 illa
378 4101 423 4147 ac
435 4086 557 4147 noster
569 4077 641 4149 tibi
652 4077 793 4177 patebit
809 4076 978 4164 animus,
1009 4086 1042 4148 et
1059 4101 1129 4176 pro
1151 4074 1322 4152 arbitrio

154 4174 316 4279 utrisque
322 4176 415 4301 frui
427 4175 558 4256 licebit.
609 4176 800 4268 Londini,
828 4178 945 4263 1664,
971 4173 1060 4253 Feb.
1075 4181 1136 4253 ll.
