2686 4836
155 206 214 263 m
587 184 891 266 PRAEFATIO.

154 357 1143 464 eniminboegenereleuaaetuteprodiitlirnatiuset
1161 367 1323 468 elefan-

154 460 241 544 tius.
307 466 455 541 Debent
474 465 547 539 tibi
564 493 591 569 q
725 477 740 540 t
761 464 962 551 literarum,
971 467 1191 570 politiorum
1210 475 1324 549 anti-

87 644 91 655 ,
152 593 317 670 quaeque
338 569 545 671 sapientiae
572 580 608 642 st
670 569 695 586 '⁰
742 581 931 643 eensmtur
961 581 1108 643 tantum
1130 588 1324 675 quantum

151 669 374 744 exsolvendo
386 698 462 745 non
479 680 579 746 sunt.
636 668 748 747 Nam
762 682 797 745 et
810 682 940 774 poetae
952 672 1213 749 obscurissimi
1222 677 1324 755 loces

151 767 312 869 irfinitis
324 774 453 877 saeem
474 772 720 876 praeluxesti,
756 785 789 846 et
805 772 994 874 plurimas
1036 776 1147 852 uibus
1169 780 1325 856 obsitas

150 867 232 947 erat
249 874 355 950 labes
367 878 403 949 ei
421 875 645 961 abstersisti,
677 899 722 947 ne
735 901 833 949 nune
849 874 972 949 dicam
1049 878 1246 981 interprete
1259 912 1325 958 ae-

148 987 265 1061 tusto,
294 1004 399 1080 quem
418 977 585 1079 princeps
603 976 823 1078 publicasti,
854 1005 936 1051 eum
955 1006 1096 1076 magno
1109 984 1166 1054 rei
1177 982 1342 1060 litera·¹

148 1079 229 1152 riae
241 1078 388 1181 fructu.
440 1080 542 1154 Hinc
560 1078 676 1153 simul
696 1104 743 1153 ac
759 1080 971 1181 scriptorem
989 1081 1100 1156 illum
1109 1098 1323 1183 praestan-

146 1177 433 1255 tissimum'oidi
450 1193 483 1255 et
502 1181 633 1267 evolvi,
664 1191 698 1254 te
718 1207 847 1255 amare
865 1185 967 1284 coepi
984 1194 1017 1256 et
1029 1188 1324 1288 magnifacere,

146 1278 330 1386 buiuspue
346 1285 420 1358 mei
440 1284 481 1357 in
499 1294 534 1356 te
553 1279 676 1356 studii
690 1309 736 1356 ae
748 1285 952 1357 voluntatis
965 1285 1194 1387 interpretem
1209 1288 1275 1364 ad
1286 1306 1324 1366 te

145 1384 324 1483 ablegari
346 1397 434 1460 ante
461 1382 532 1460 bos
560 1385 667 1459 binos
696 1413 818 1461 annos
842 1413 962 1460 meum
983 1386 1212 1472 Hesiodum
1247 1395 1326 1469 sed

145 1500 307 1583 euentum
329 1515 404 1565 non
427 1484 656 1610 respondisse
672 1490 871 1560 meissotis
891 1515 937 1562 ac
952 1489 1141 1564 uoluntati
1153 1520 1231 1566 non
1256 1501 1321 1569 ita

141 1586 287 1692 pridem
315 1615 363 1663 ex
389 1585 596 1666 doctissimi
613 1587 757 1664 Merici
773 1589 893 1663 literis
915 1593 1088 1689 cognovi3
1122 1591 1179 1667 ad
1207 1593 1322 1673 bunc

144 1694 241 1764 enim
258 1718 324 1793 per
346 1706 490 1767 nostros
513 1706 716 1794 vestrosque
738 1692 966 1792 bibliopolas
980 1694 1110 1767 curari
1123 1696 1320 1775 iusseram

136 1793 379 1897 fasciculum,
405 1798 446 1868 in
461 1821 565 1900 quem
580 1794 725 1896 aliquot
739 1793 899 1867 Hesiodi
910 1821 1011 1867 exem
1039 1795 1080 1867 la
1095 1812 1203 1871 erant
1220 1828 1321 1876 con-

144 1898 253 1982 iecta,
309 1897 351 1970 ui
365 1899 485 1971 nescio
503 1892 658 2000 epicorum
680 1892 873 1970 bominum
894 1895 988 1996 perfi
1024 1899 1031 1915 ‘
1070 1899 1322 1983 interciderit.

141 1997 256 2074 Nune
277 1925 365 2073 buia
382 2024 486 2103 'quae
506 1999 659 2101 inopino
681 2024 720 2071 se
742 1998 827 2084 dat,
864 2001 1053 2073 occasioni
1073 2004 1320 2082 serviendam

141 2102 374 2183 existimavi5
406 2129 495 2175 nam
514 2126 594 2178 cum
613 2099 670 2175 ad
689 2126 751 2175 vos
773 2098 967 2174 contendat
984 2103 1127 2177 iuuenis
1140 2106 1321 2206 insignis

140 2178 308 2279 Ioaniees
326 2199 503 2291 Crucius,
538 2204 574 2280 Ι.
586 2204 637 2280 U.
649 2201 706 2281 D.
726 2199 941 2291 Abrabami
959 2203 1137 2280 Hoidani
1156 2205 1318 2286 tbeolo-

139 2307 231 2429 gine
250 2307 475 2484 pryessoris
507 2308 547 2380 in
572 2304 765 2379 academia
790 2301 1045 2404 Lugdunensi
1070 2309 1319 2388 excellentes·

139 2437 229 2482 srmr
240 2437 285 2483 ae
324 2409 534 2483 isertissimi
545 2405 687 2506 eafilia
703 2435 830 2509 nepos,
856 2407 924 2509 pai
943 2420 975 2481 te
991 2411 1068 2481 iam
1081 2411 1229 2512 pridem
1246 2443 1318 2490 ω-
1338 2434 1342 2451 ⁴

83 2576 92 2583 .
140 2511 187 2585 lit
201 2521 233 2584 et
253 2510 485 2598 admiratur,
522 2536 715 2613 coramque
743 2510 911 2584 uenerari
935 2508 1140 2599 desiderat,
1180 2515 1317 2594 literis

139 2615 251 2687 etiam
287 2614 524 2715 politioribus
553 2625 742 2687 strenuam
775 2610 842 2685 diu
875 2610 1026 2685 meavit
1053 2641 1222 2717 operam,
1275 2637 1315 2695 et

138 2716 251 2790 etiam
284 2744 382 2791 nuno
412 2730 545 2805 aerae,
583 2718 661 2791 eius
680 2708 781 2813 fidei
810 2715 980 2788 commisi
1005 2713 1122 2789 aliud
1140 2720 1342 2815 Hesiodi¹

137 2819 328 2919 exemplar
339 2820 411 2893 tibi
425 2817 664 2903 tradendum,
689 2821 793 2891 cuius
813 2815 936 2889 adieci
946 2812 1120 2893 Luciam·
1133 2818 1315 2901 Pseudo!

135 2918 343 3022 sophistam
367 2909 407 2994 in
433 2948 538 3025 quern
563 2917 927 2993 animaduersionum
947 2931 980 2992 et
1001 2932 1175 2995 notarum
1198 2953 1312 3002 nnn.

136 3022 240 3100 nihil
261 3025 492 3124 scripseram.
564 3022 798 3096 Erubesrunt
821 3019 967 3124 quidem
994 3017 1042 3093 bi
1067 3023 1193 3099 libelli
1215 3040 1312 3110 tuos

134 3126 258 3199 subire
270 3126 415 3206 oeulos‚·
439 3117 508 3201 sed
518 3125 628 3200 missi
642 3124 722 3197 alio
735 3126 881 3198 nomine
895 3151 971 3196 non
988 3136 1096 3212 sunt,
1119 3155 1236 3231 quam
1263 3150 1312 3211 ω
1341 3134 1342 3147 ’

135 3227 288 3302 editoris
304 3226 470 3304 studium
483 3229 689 3330 cultumque
703 3253 776 3328 quo
795 3237 828 3298 te
840 3226 1095 3328 prosequitur,
1120 3242 1309 3313 testatum

126 3330 290 3432 sariam.
356 3330 405 3404 Si
424 3330 618 3433 prolixam
644 3329 755 3401 etiarn
783 3329 861 3402 eius
890 3329 1115 3403 voluntatem
1143 3333 1235 3409 bene
1259 3341 1312 3419 de

131 3433 337 3533 praeclaris
352 3435 499 3508 artibus
513 3432 656 3506 nostris'
664 3428 828 3504 merendi
839 3430 911 3503 tibi
920 3430 1175 3531 probaverint,
1192 3440 1310 3540 sun.

133 3546 208 3611 etos
221 3563 259 3609 se
275 3532 418 3639 officio,
450 3549 483 3613 et
493 3536 691 3635 auspicato
704 3535 783 3606 iam
798 3536 839 3606 in
859 3533 973 3605 lucem
982 3533 1168 3634 prodiisse
1177 3557 1309 3641 puta-

131 3638 234 3716 bunt.
294 3638 365 3712 Sin
390 3664 471 3712 vero
486 3651 519 3713 et
540 3650 644 3710 tuam
659 3637 943 3710 benevolentiam
957 3639 992 3708 ei
1001 3662 1211 3735 promouere
1224 3674 1308 3748 po.

131 3750 269 3824 terunt,
295 3753 372 3813 tum
388 3767 469 3815 vero
484 3768 558 3815 non
571 3739 692 3814 solum
707 3765 787 3839 spe,
809 3735 878 3811 sed
890 3750 922 3810 et
934 3740 1027 3811 uotis
1040 3743 1188 3816 maiora
1207 3774 1308 3823 con.

129 3854 333 3944 sequentur.
385 3843 437 3915 In
449 3843 611 3918 Homero
627 3838 839 3915 recensendo
853 3866 950 3914 nune
966 3853 1064 3917 totus
1081 3870 1183 3920 eram
1190 3877 1206 3925 ;
1229 3855 1311 3928 sed

130 3971 187 4018 me
214 3942 453 4019 retardarunt
476 3944 677 4029 Elaeoirii,
716 3945 786 4046 qui
814 3940 1001 4016 tundendo
1031 3943 1227 4051 effecerunt
1259 3972 1306 4031 ut

127 4074 264 4148 passus
280 4049 352 4121 sim
364 4045 463 4121 milei
478 4051 528 4122 im
555 4047 621 4121 oni
632 4073 724 4147 opus
740 4044 947 4119 recensendi
957 4043 1160 4135 Ciceronis,
1186 4058 1304 4134 euius

131 4150 323 4223 editionem
340 4178 472 4225 novam
486 4073 686 4225 adstruant.
736 4147 763 4222 Ι
762 4146 791 4221 d
802 4175 899 4223 nune
911 4147 1051 4235 studeo,
1067 4178 1112 4225 ne
1126 4155 1304 4235 ennam.

132 4253 258 4328 datior
279 4256 329 4327 sit
349 4254 442 4328 aliis
456 4280 551 4355 quae
570 4249 729 4327 antebac
741 4249 974 4353 prodierunt,
1006 4266 1038 4329 et
1055 4267 1096 4329 ut
1112 4257 1303 4368 interpgg.
