2686 4836
428 230 733 343 summo.

360 420 804 510 morenosrnessmo

19 656 22 669 .
158 590 209 671 D.
273 581 599 669 ISAAGO
657 564 998 679 rosseo

195 808 198 813 .
277 750 515 832 oriones
550 744 872 869 nemaeus
938 860 943 865 ¹
1013 852 1017 861 ³

288 910 291 915 ’
564 916 598 983 S.

109 1096 254 1180 curas
273 1128 376 1207 quas
398 1097 454 1179 ad
466 1094 741 1176 Sherburneum
762 1124 880 1173 meum
902 1096 1056 1191 dedisti,
1086 1101 1163 1204 ipse
1270 1172 1273 1181 ,

37 1227 140 1277 mecum
155 1202 464 1303 communicavit,¹
474 1201 664 1303 inquibus
680 1199 724 1274 cie
738 1198 911 1276 Manilii
926 1204 1000 1276 siue
1012 1202 1165 1278 Manlii

37 1316 106 1378 utto
117 1312 245 1383 statuis
261 1310 430 1392 nomine,
456 1316 489 1378 et
504 1303 653 1377 saecuto
669 1303 709 1375 in
725 1331 798 1406 quo
809 1304 943 1407 floruit
961 1302 1060 1379 docte
1073 1333 1166 1383 sane
1228 1334 1237 1349 ‘

37 1408 325 1505 είιριτικωτάτως
342 1404 560 1483 disseruisti.
610 1402 724 1478 Illud
735 1418 856 1481 autem
872 1394 1061 1507 imprimis
1070 1406 1169 1482 mihi
1219 1428 1223 1435 '
1246 1422 1254 1441 ⁸

36 1502 142 1605 placet,
172 1511 275 1615 quael
289 1512 333 1584 in
356 1504 404 1584 iis
419 1502 660 1605 honorificam
677 1504 720 1580 cte
733 1535 790 1581 me
803 1510 1018 1583 mentionem
1023 1511 1166 1612 fecisti,
1181 1510 1186 1521 ’

38 1609 169 1715 quotque
184 1615 457 1716 promissorum
478 1636 614 1683 memor
635 1607 678 1687 de
699 1607 919 1784 depromptis
935 1611 991 1685 ad
1002 1611 1169 1712 Aeschy-

40 1710 96 1785 lum
109 1743 124 1788 e
138 1719 283 1791 adustis
308 1713 583 1815 exemplaribus
598 1710 714 1785 variis
746 1714 945 1801 cetionihus
963 1727 995 1788 et
1013 1714 1170 1789 scholiis

41 1816 170 1893 mactum
185 1817 319 1907 editis,
345 1820 406 1890 ais
422 1827 454 1889 te
467 1815 544 1889 nisi
559 1812 809 1914 impediisseat
826 1816 996 1919 infelicia
1015 1819 1170 1993 mune-

41 1928 85 1989 sta
99 1932 271 2023 tempora,
298 1916 398 1995 mihi
415 1914 634 2017 iamdudum
651 1919 969 2009 transmissurum.
1090 1922 1175 2022 ple*

43 2018 194 2097 clotharie
209 2023 318 2096 tuam
332 2018 622 2105 humanitatem,
647 2030 678 2091 et
692 2021 868 2117 gratulor
883 2020 972 2121 paci
977 2047 1043 2122 per
1057 2048 1172 2125 quam

44 2114 124 2195 tiuu
136 2124 269 2199 soluere
285 2122 389 2226 quod
402 2122 592 2224 pollicitus
605 2146 663 2203 es;
686 2134 831 2222 expecto
850 2126 992 2224 itaque,
1018 2136 1050 2198 et
1069 2127 1174 2201 noris

44 2222 123 2296 uhta
140 2223 227 2302 haec
251 2238 321 2301 tua
345 2222 551 2301 honoraria
572 2220 700 2325 officia
721 2225 857 2325 quihus
877 2252 932 2298 me
944 2218 1174 2330 prosequeris

43 2342 186 2445 perprata
206 2355 351 2432 semper
373 2354 447 2402 esse
467 2338 498 2400 et
513 2326 673 2432 sutura,
706 2353 813 2428 eoque
827 2328 950 2427 magis
966 2334 1177 2429 quomatu-

46 2426 104 2499 rius
121 2430 323 2506 almanus
341 2456 444 2507 mens
462 2428 688 2532 pervenerint
702 2424 882 2530 Aeschyli
899 2428 1093 2507 editionem
1113 2424 1176 2525 ¹sc-

47 2528 174 2607 cundom
186 2534 265 2608 iam
283 2533 493 2618 molientis,
518 2557 631 2633 quam
644 2556 749 2631 spero
765 2541 873 2629 (nam
891 2560 1070 2631 magnam
1083 2560 1178 2636 par-

48 2638 98 2702 tem
121 2637 254 2736 prioris
251 2636 411 2814 qllilau
438 2632 683 2733 metropoleos
713 2632 880 2709 incendio
913 2648 1178 2740 consumptam,

49 2758 107 2805 cum
125 2750 235 2815 matre
322 2763 423 2811 ressa
435 2735 608 2839 flammis
625 2761 681 2808 me
700 2737 880 2838 peperisse
891 2739 1026 2831 seati'o)
1049 2740 1180 2813 melio·

46 2835 127 2910 silus
137 2840 313 2943 auspiciis
327 2850 360 2913 te
374 2837 635 2923 obstetricante,
650 2848 682 2909 et
697 2839 892 2913 auctiorem
906 2839 946 2911 in
964 2839 1077 2915 lucem
1090 2868 1180 2944 pro-
1227 2857 1231 2871 ¹

51 2934 195 3015 uturum.
243 2940 349 3042 Quin
371 2953 402 3015 et
417 2965 649 3043 quaecunque
661 2951 727 3013 tua
740 2938 907 3040 κειμήλια
916 2940 1018 3016 mihi
1029 2945 1180 3018 commi-

50 3042 135 3127 seris,
169 3073 222 3118 me
262 3043 404 3145 optima
432 3040 515 3141 fide
554 3040 804 3120 restituturum
847 3044 989 3149 recipio.
1070 3047 1115 3123 V
1108 3045 1154 3120 al
1168 3102 1180 3126 .

52 3139 216 3234 tusa.
239 3146 332 3260 102-3.

239 3454 336 3518 nmo
359 3448 629 3518 uourocssneo
648 3456 706 3513 or
719 3452 974 3515 vacuissima
1089 3448 1098 3459 '

331 3591 575 3671 ΤΗΟΜΑΕ
598 3587 887 3669 STANLEIO

534 3759 567 3825 S.
588 3757 625 3823 P.
649 3758 691 3823 D.
790 3798 793 3807 ·

179 3940 419 4007 causans
450 3896 1043 4005 nonnosus‘oouo‘rrus

139 4087 438 4191 Expectationem
460 4082 639 4184 Aeschyli
660 4086 718 4158 tui
745 4108 932 4184 maguam·
948 4046 1191 4161 concitaterat

64 4179 197 4266 Mcricus
211 4190 460 4268 Casaubonus
481 4186 548 4264 secl
562 4199 758 4289 postquam
781 4188 846 4262 ille
869 4189 982 4291 lucem
1005 4185 1190 4292 adspexit,
1208 4254 1213 4263 ,

68 4281 344 4396 tapsupauvu
358 4320 456 4393 spem
472 4304 511 4375 et,
519 4291 829 4377 existimationem
845 4304 1023 4368 nostram.
1072 4287 1193 4369 Nihil
