2686 4836
158 236 217 294 111
589 212 894 293 Pnfflmo.

157 386 1146 491 eniminboegenereleuoaetateprodiitlimatiuset
1164 378 1327 493 arkas»

157 490 245 573 tius.
309 493 458 570 Debent
477 493 594 597 tibip
764 492 964 575 literarum¹
974 493 1193 596 politiorum
1214 501 1327 577 anti-

90 674 94 687 ,
155 622 182 699 p
301 623 319 671 e
341 597 548 699 sapientiae
575 623 596 669 s
673 596 697 614 “
745 607 934 670 censentur
963 607 1111 670 tantum
1134 613 1341 700 quantum,

155 725 245 773 exso
262 698 377 773 vendo
389 726 465 773 noo
482 708 582 773 sunt.
640 695 751 774 Nam
765 709 799 771 et
813 709 943 800 poetae
955 698 1217 773 obscurissimi
1228 703 1341 777 loeis

155 798 315 898 irfinitls
328 803 456 906 saeem
478 799 723 903 praeluxisti,
758 811 792 873 et
808 799 997 901 plurimas
1040 802 1150 876 uibus
1172 804 1341 883 obsitus,

153 897 235 977 erat
253 903 358 979 labes
371 905 407 978 ei
424 903 649 988 abstersisti,
681 927 725 974 ne
739 929 837 976 nune
852 900 975 976 dicam
1053 904 1251 1006 interprete
1264 936 1329 981 ae·

151 1016 269 1091 tusto,
297 1033 403 1109 quem
421 1005 589 1108 princeps
606 1003 826 1105 publicani,
858 1031 939 1077 eum
958 1032 1099 1102 magno
1112 1009 1169 1080 rei
1181 1008 1327 1084 litera-

152 1108 233 1181 riae
245 1107 392 1211 fructu.
444 1108 546 1183 Hine
563 1104 680 1180 simul
700 1132 746 1180 ae
763 1107 975 1209 scriptorem
992 1106 1104 1183 illum
1113 1123 1341 1209 praestan-f

38 1290 42 1299 ,
150 1205 437 1284 tessimum'eidi
453 1221 486 1286 et
506 1207 638 1294 evolvi,
668 1218 702 1281 te
721 1234 851 1281 amare
869 1211 970 1310 coepi
987 1220 1020 1285 et
1033 1213 1327 1314 magnifacere,

150 1307 334 1414 buiuspue
350 1312 424 1385 mei
444 1312 485 1385 in
503 1322 538 1384 te
557 1307 679 1384 studii
693 1336 739 1384 ae
752 1310 956 1384 uoluntatis
969 1311 1198 1413 interpretem
1213 1312 1280 1390 ad
1290 1331 1327 1390 te

149 1413 327 1512 ablegari
350 1426 438 1487 ante
465 1410 536 1489 leos
564 1413 671 1486 binos
700 1438 822 1487 annos
847 1439 966 1486 meum
987 1413 1216 1498 Hesiodum
1250 1418 1330 1493 sed

149 1529 311 1590 eventum
333 1543 408 1591 non
431 1510 660 1637 respondisse
676 1516 874 1588 meiseotis
895 1541 941 1589 ae
956 1513 1145 1589 voluntati
1158 1546 1236 1593 non
1261 1525 1325 1594 ita

145 1615 291 1723 pridem
319 1644 367 1691 ee·
393 1614 600 1694 doetessimi
617 1614 761 1691 Merici
776 1616 897 1690 literis
919 1620 1092 1715 eognoei;
1126 1618 1185 1694 ad
1212 1619 1326 1699 bunc

148 1723 246 1795 enim
261 1748 329 1824 per
350 1734 495 1796 nostros
517 1734 720 1821 restrosque
743 1718 970 1819 bibliopolas
985 1721 1115 1793 curari
1128 1722 1324 1799 iusseram

140 1823 383 1926 fasciculum,
409 1826 450 1898 in
465 1851 570 1925 quem
584 1822 730 1923 aliquot
743 1819 902 1894 Hesiodi
914 1848 1016 1895 exem
1044 1822 1085 1894 la
1100 1837 1208 1897 erant
1224 1854 1325 1901 con-

147 1927 257 2011 iecta,
314 1926 355 1998 ui
370 1927 489 2000 neseio
507 1920 663 2028 quorum
685 1920 877 1998 le'ominum
898 1921 992 2023 perfi
1028 1925 1035 1942 '
1074 1926 1325 2005 interciderit.

146 2026 261 2104 Nune
282 1953 369 2102 buic'
397 2054 490 2130 quae
511 2027 664 2129 inopino
686 2051 724 2099 se
746 2024 831 2111 dat,
869 2027 1057 2098 occasioni
1078 2029 1323 2107 serviendum

146 2131 378 2211 eristimaoi5
411 2157 500 2203 nam
519 2154 599 2206 cum
618 2126 675 2201 ad
693 2152 756 2202 eos
777 2126 972 2200 contendat
989 2129 1131 2203 iuvenis
1144 2132 1325 2231 insignis

145 2206 313 2308 Ioannes
331 2227 507 2319 Crocius,
543 2232 578 2308 Ι.
591 2231 641 2307 U.
654 2229 710 2308 D.
731 2226 946 2319 Abrahami
963 2229 1141 2305 Hoidani
1161 2231 1322 2312 tbeolo-

143 2336 237 2458 giae
255 2335 480 2512 pryessoris
511 2336 552 2408 in
576 2331 770 2407 academia
795 2328 1050 2430 Lugdunensi
1074 2335 1323 2413 excellentes-

144 2465 290 2511 semeae
329 2437 539 2510 isertessimi
550 2433 692 2532 exfilia
708 2460 835 2538 nepos,
861 2434 929 2536 qui
947 2446 981 2508 te
995 2437 1073 2507 iam
1087 2436 1232 2537 pridem
1248 2469 1322 2515 co-
1340 2464 1341 2471 ¹

88 2606 98 2613 .
145 2540 193 2614 lit
206 2550 238 2611 et
258 2539 490 2625 admiratur,
527 2564 720 2641 coramque
748 2537 916 2612 venerari
940 2534 1145 2625 desiderat,
1186 2541 1321 2619 literis

144 2644 256 2716 etiam
290 2642 529 2747 politioribus
558 2653 746 2715 strenuam
780 2636 847 2713 diu
880 2636 1032 2711 navavit
1058 2666 1226 2742 operam,
1278 2662 1319 2720 et

144 2745 256 2818 etiam
288 2772 387 2819 nuno
417 2757 550 2833 nasot,
587 2745 666 2818 eius
685 2735 787 2840 fidei
815 2741 985 2815 commisi
1011 2738 1127 2815 aliud
1145 2745 1322 2841 Hesiodi

142 2848 333 2948 exemplar
343 2849 416 2921 tibi
430 2844 669 2930 tradendum,
695 2848 798 2917 euius
818 2841 941 2916 adieci
952 2839 1125 2918 Lueioni
1138 2844 1320 2926 Pseudo!

141 2946 349 3051 sophistam
371 2938 412 3023 in
438 2977 544 3054 quem
568 2944 933 3020 animadversionum
953 2956 985 3017 et
1005 2958 1181 3021 notarum
1204 2978 1317 3026 non-

141 3050 246 3129 nileil
266 3054 497 3155 scripseram.
570 3049 804 3122 Erubeseunt
826 3045 973 3150 quidem
1000 3043 1047 3119 lei
1072 3048 1197 3125 libelli
1219 3066 1316 3134 tum

140 3155 263 3229 subire
276 3154 421 3235 oeulos‚·
445 3146 514 3230 sed
523 3152 634 3228 missi
647 3151 728 3224 alio
741 3152 887 3223 nomine
901 3177 976 3223 non
994 3161 1102 3238 sunt,
1124 3181 1239 3257 quam
1265 3175 1316 3236 ut
1340 3156 1341 3171 ¹

141 3256 293 3331 editoris
310 3255 476 3332 studium
489 3256 694 3355 cultumque
710 3280 781 3355 quo
801 3265 833 3325 te
846 3253 1100 3355 prosequitur,
1126 3267 1313 3337 testatum

132 3360 296 3463 faciam.
362 3359 410 3434 Si
429 3359 624 3461 prolixam
650 3357 760 3428 etiam
788 3357 866 3428 eius
896 3354 1121 3429 volantatem
1150 3360 1238 3435 bene
1260 3365 1316 3443 de

136 3462 343 3563 praeclaris
358 3463 504 3535 ortibus
519 3460 656 3535 nostris
669 3455 833 3532 merendi
845 3456 916 3530 tibi
926 3456 1181 3558 probaverint,
1198 3464 1314 3567 fun-

139 3577 214 3639 etos
227 3592 265 3638 se
281 3561 424 3667 officio,
456 3577 489 3641 et
499 3564 696 3664 auspicato
710 3563 788 3633 iam
805 3563 845 3632 in
865 3559 979 3633 lucem
988 3560 1174 3660 prodiisse
1183 3581 1312 3667 puta-

137 3668 240 3745 bunt.
300 3667 371 3740 Sin
396 3692 477 3742 vero
492 3678 525 3740 et
546 3678 650 3739 tuam
665 3662 949 3736 benevolentiam
962 3666 997 3735 ei
1006 3688 1216 3763 promovere
1229 3698 1311 3773 po-

137 3780 275 3853 terunt,
301 3781 378 3841 tum
394 3795 474 3843 vero
490 3796 564 3842 non
577 3766 699 3841 solum
713 3792 792 3866 spe,
816 3761 885 3838 sed
896 3777 928 3837 et
940 3766 1033 3839 rotis
1046 3769 1194 3841 maiora
1211 3798 1311 3848 eon.

136 3884 339 3973 sequentur.
390 3870 443 3945 In
456 3871 616 3945 Homero
633 3865 845 3943 recensendo
858 3893 956 3941 nune
972 3879 1071 3943 totus
1087 3896 1211 3951 eram;
1234 3879 1315 3953 sed

137 4001 193 4047 me
221 3971 459 4047 retardarunt
482 3972 683 4056 Elzeeirii,
723 3971 792 4073 qui
820 3967 1007 4043 tundendo
1038 3968 1232 4077 effecerunt
1262 3996 1310 4056 ue
1340 4062 1341 4069 ἵ

133 4103 271 4178 possus
286 4077 359 4151 sim
371 4073 469 4150 mibi
485 4079 536 4150 im
562 4076 628 4149 oni
639 4086 730 4175 opus
746 4070 953 4146 recensendi
963 4069 1166 4161 Ciceronis,
1191 4082 1309 4159 euius

137 4179 329 4253 editionem
346 4207 479 4253 novam
492 4208 518 4253 o
615 4188 693 4250 ant.
742 4173 798 4249 Id
808 4202 906 4249 nune
917 4174 1058 4261 studeo,
1074 4204 1119 4251 ne
1132 4180 1309 4259 ineram.

150 4282 264 4361 {otior
286 4285 335 4356 sit
355 4282 450 4357 aliis
463 4305 558 4384 puae
577 4277 736 4354 antebac
747 4276 981 4381 prodierunt,
1013 4293 1046 4355 et
1062 4293 1102 4355 ut
1117 4282 1310 4392 interpsg.
